2017 3609
306 217 685 287 LIBER
787 218 1265 291 XXXIII.
1341 221 1470 297 161.

63 364 70 395 ε
126 338 265 404 erat,
295 333 572 395 cornibus
612 333 1054 414 circumjeRum.
1096 337 1186 399 Eo
1229 339 1322 400 die
1366 338 1690 404 ste···..--=.-.

62 444 69 453 ⁴
128 425 294 471 terunt
313 416 540 474 tanthm
579 416 727 475 acies
763 432 1014 500 utraeque
1050 420 1214 503 super
1240 422 1421 502 ripam

61 542 64 557 ἰ
126 491 216 569 qvi
241 496 376 552 tenui
396 495 558 577 aqua
585 496 977 574 interfluebat,
1002 504 1269 561 torrentis
1294 525 1313 576 3
1336 524 1470 582 pau·

61 586 62 589 ’
116 568 283 650 cisque
321 575 457 634 telis
510 573 767 650 emistis,
802 578 859 637 in
901 579 1078 640 castra
1130 601 1469 663 receperunt

112 646 228 710 sese.
257 652 504 714 Postero
554 655 657 717 die
708 658 918 719 eodem
962 662 1164 723 ordine
1218 661 1467 726 instruffl

112 728 268 809 majus
306 734 381 794 ali
470 737 620 796 anto
666 739 931 818 proelium
952 785 971 814 ,
1010 743 1184 823 quam
1220 764 1329 822 pro
1369 763 1470 805 nu·

109 830 251 872 mero
290 757 545 876 ediffi'ere
632 821 957 898 ugnantium
975 843 995 896 3
1021 844 1129 883 nec
1156 825 1312 883 enim
1341 822 1468 903 plus

61 914 64 957 3:
108 903 246 951 tema
266 896 452 955 millia
482 839 759 978 pesitum
779 898 939 961 fuere
959 944 979 974 ‚
1002 904 1066 965 &
1097 906 1325 964 centeni
1349 902 1467 965 fer·-

107 988 192 1030 me
229 978 454 1056 equites
494 999 519 1051 3
565 994 823 1040 ceterum
876 1004 994 1042 non
1048 1004 1292 1044 numero
1335 1000 1466 1044 tan-

61 1084 64 1121 2
108 1052 248 1126 mm,
283 1077 395 1116 nec
442 1079 750 1121 armorum
799 1081 1009 1145 genere
1048 1109 1071 1137 ,
1108 1063 1206 1124 sed
1266 1066 1466 1126 animis

61 1140 64 1149 ‘
108 1150 318 1215 quoque
356 1138 645 1216 paribus»,
689 1140 754 1201 &
808 1143 971 1224 aequa
1023 1142 1120 1225 spe
1174 1166 1467 1229 pugnave-

61 1232 62 1293 3
110 1229 236 1274 runt.
264 1215 476 1279 Achaei
525 1223 736 1300 primi,
770 1237 1023 1283 torrente
1055 1223 1114 1284 su
1160 1244 1315 1285 erato
1337 1271 1357 1301 ‚
1405 1229 1463 1289 in

61 1296 64 1371 ξ
112 1288 361 1373 Agrianas
389 1300 691 1381 impetum
718 1299 905 1363 fecere
927 1304 1097 1378 3dein
1140 1325 1170 1365 e
1193 1324 1311 1366 tota
1376 1330 1464 1368 ro·

61 1386 64 1389 '
113 1373 175 1450 Ρὲ
204 1377 356 1437 cursu
392 1377 736 1462 transgress'a
756 1403 984 1444 amnem
1025 1388 1172 1445 acies
1214 1385 1312 1447 est.
1402 1390 1461 1449 iu

117 1471 298 1535 anceps
328 1479 536 1542 pugna
565 1459 718 1521 stetit
747 1484 764 1522 t
793 1484 1033 1526 numero
1063 1465 1264 1527 Achaei
1301 1467 1462 1530 mille

119 1531 173 1591 &
205 1536 298 1615 ipfi
339 1541 804 1623 quadringentos
847 1544 979 1606 loeo
1030 1547 1319 1626 expulere.
1364 1546 1464 1606 In-

119 1611 262 1674 clinat
288 1619 422 1679 dein
457 1621 734 1684 dextrum
768 1645 942 1684 omne
966 1648 1160 1686 cornu.
1194 1626 1465 1689 Macedo-

120 1711 246 1767 nes,
281 1698 459 1781 nsque
517 1703 661 1761 dum
711 1705 915 1767 ordine
959 1707 1025 1767 &
1062 1708 1225 1767 velut
1267 1705 1468 1786 stipata

120 1772 334 1852 phalanx
370 1781 762 1859 consistebat,
782 1789 1007 1847 moveri
1044 1789 1461 1869 nequiverunt:

120 1854 395 1940 postquam
416 1906 437 1934 ‚
488 1863 645 1927 laevo
688 1865 864 1925 latere
916 1867 1130 1927 nudato
1152 1912 1172 1942 ,
1220 1869 1465 1927 circum-

120 1952 279 2010 jacere
316 1941 507 2002 hastas
551 1945 609 2002 in
656 1947 989 2006 venientem
1033 1969 1104 2008 ex
1145 1947 1461 2011 transverso

122 2011 319 2079 hostem
353 2025 555 2086 conati
594 2022 719 2087 sunt
742 2071 764 2105 ι
800 2027 1007 2088 turbati
1051 2029 1342 2109 extemplo
1372 2046 1464 2088 tu-

123 2096 362 2160 multum=
384 2106 584 2184 primo
630 2106 779 2166 inter
828 2105 885 2166 se
937 2105 1195 2171 fecerunt
1235 2129 1255 2181 3
1305 2125 1464 2189 terga

124 2171 309 2241 deinde
339 2201 579 2248 vertunt
598 2208 617 2257 ;
638 2185 933 2263 postremo
958 2230 979 2258 ‚
1002 2185 1231 2264 abjeffis
1251 2189 1422 2248 armis
1441 2231 1465 2273 ἓ

125 2251 175 2311 ἰιι
196 2263 544 2343 praecipitem
578 2263 636 2324 fu
680 2286 774 2327 am
805 2264 999 2336 effusi,
1031 2266 1323 2348 Bargylias
1355 2288 1464 2348 pe-

126 2347 288 2403 tentes
312 2340 599 2425 fugerunt.
621 2286 850 2404 {odem
882 2347 946 2407 &
967 2344 1311 2407 Dinocrates
1332 2369 1463 2427 per..

1499 424 1691 477 U·cff555·

1448 468 1469 505 -’
1493 475 1691 526 κακῇ.

124 2408 261 2497 fugit.
293 2420 515 2484 Rhodii
536 2469 557 2497 ‚
590 2442 867 2506 quantum
907 2424 1024 2485 diei
1075 2424 1346 2569 sugerfuit
1377 2427 1464 2489 se·
1510 2485 1516 2491 .

125 2498 258 2572 cuti,
283 2522 631 2586 receperunt
678 2502 734 2564 se
782 2505 854 2588 ad
893 2502 1086 2566 castra.
1171 2509 1272 2568 atis
1320 2529 1465 2569 con-

121 2569 238 2650 stat,
259 2577 301 2639 fi
327 2583 637 2646 confestim
662 2584 907 2651 viflores
931 2584 1342 2655 Stratoniceam
1367 2611 1464 2671 pe„-

126 2652 321 2734 tiss‘ent‚
360 2667 543 2747 recipi
583 2685 709 2725 eam
755 2668 955 2730 urbem
995 2666 1112 2729 fme
1153 2673 1465 2734 certamine

125 2737 359 2813 potuiss'e.
396 2743 768 2806 Praetermiss'a
802 2746 938 2827 ejus·
965 2751 1048 2809 rei
1080 2747 1307 2815 occasio
1344 2749 1463 2828 est,

128 2812 248 2882 ‘ium
277 2822 339 2887 ’m
375 2822 618 2890 castellis
651 2826 903 2917 vicisque
939 2829 1148 2896 Peraea
1181 2830 1468 2925 recipienssg
