2017 3609
452 255 555 330 30.
841 234 1438 306 thrtr

240 363 429 413 ‘aaa
450 349 577 412 tera
594 363 754 432 parte
779 350 1020 413 duarum
1041 352 1333 435 legionum
1352 352 1575 435 equites
1597 396 1617 426 ‚
1641 347 1840 413 altera*

239 432 437 526 {2³0⁶}ss
453 431 744 493 sociorum
805 435 1121 515 equitatum
1181 435 1239 493 in
1291 455 1505 493 cornua
1568 431 1825 492 hostium

420 513 437 530 ⁶
453 513 714 587 emittat,
739 534 848 574 nec
874 517 1173 577 circumire
1198 536 1301 575 eos
1336 518 1517 575 aciem
1588 516 1789 573 atiatur
1803 535 1834 589 ἱ

452 593 618 656 fimul
657 596 722 657 ὃ(
745 595 900 677 ipse,
928 613 992 657 ut
1024 612 1384 657 extenuatam
1423 536 1681 656 mesiam
1714 595 1829 655 de-

453 674 635 737 duffis
667 675 935 738 cornibus
966 678 1150 737 aciem
1180 674 1486 739 Gallorum
1522 676 1674 738 vidit
1693 720 1717 748 ,
1733 674 1828 735 'si-

457 778 573 840 gna
601 755 811 818 inferre
844 757 1135 819 confertos
1168 759 1380 819 milites
1400 802 1420 831 ‚
1457 758 1523 819 &
1560 777 1831 838 perrum-

538 858 598 899 re
630 837 863 899 ordines
899 835 1080 915 jubet.
1116 837 1190 899 Et
1232 860 1451 900 cornua
1497 837 1572 898 ab
1618 839 1830 918 equiti-

457 858 568 980 {fis
588 960 610 990 ‚
640 919 705 979 &
735 916 912 977 medii
944 939 977 977 a
1013 918 1207 999 pedite
1241 918 1428 1000 pu1fi3
1451 935 1517 978 ac
1543 918 1784 999 repente
1804 961 1827 993 ‚

502 1016 639 1057 uum
655 999 816 1057 omni
833 1013 992 1078 parte
1010 997 1169 1059 caede
1185 1000 1402 1081 ingenti
1418 998 1835 1073 sternerentur,

460 1018 622 1139 gani
639 1093 725 1138 ter
765 1096 1071 1152 avertunt,
1086 1076 1146 1138 fu
1225 1099 1340 1161 que
1359 1076 1537 1140 effusa
1558 1096 1833 1162 repetunt

458 1155 636 1218 castra
673 1179 687 1218 ε
726 1097 1012 1241 {ugientes
1050 1179 1155 1240 per
1216 1176 1377 1220 cutus
1416 1180 1595 1243 eques
1620 1203 1640 1233 ,
1685 1180 1834 1221 mox

460 1238 529 1298 &
575 1237 835 1321 legiones
877 1238 1144 1301 insecutae
1195 1241 1256 1299 in
1312 1239 1489 1301 castra
1542 1243 1835 1322 impetum

458 1317 738 1381 fecerunt.
777 1320 974 1381 Minus
1014 1320 1114 1382 sex
1149 1321 1325 1381 millia
1355 1322 1657 1382 hominum
1691 1321 1837 1383 inde

460 1396 824 1482 effugerunt:
857 1400 1000 1463 caesa
1036 1418 1134 1462 aut
1163 1418 1330 1484 capta
1369 1400 1534 1483 supra
1574 1403 1836 1483 quinque

463 1481 530 1542 &
562 1482 795 1563 triginta
849 1482 1032 1543 millia
1076 1503 1211 1544 cum
1272 1480 1438 1564 fignis
1492 1482 1836 1544 militaribus

461 1559 848 1645 septuaginta,
873 1565 1157 1644 carpentis
1184 1562 1424 1624 Gallicis
1442 1608 1462 1637 ,
1484 1563 1668 1624 multa
1686 1585 1841 1645 prae-

463 1642 540 1704 da
581 1647 871 1718 oneratiS‚
917 1645 1047 1725 plus
1093 1645 1372 1706 ducentis.
1412 1643 1671 1704 Ami-leat
1712 1645 1839 1706 dux

462 1721 676 1786 Poenus
709 1745 781 1785 eo
828 1727 1039 1806 proelio
1078 1726 1286 1786 cecidit
1318 1771 1340 1800 ,
1376 1726 1442 1786 &
1488 1742 1606 1784 tres
1642 1727 1838 1806 impe-

462 1821 683 1866 ratores
720 1806 946 1868 nobiles
980 1805 1306 1868 Gallorum.
1345 1805 1656 1878 Placentini
1693 1827 1836 1887 cap-

462 1885 569 1945 tivi
606 1886 683 1945 ad·
716 1886 834 1947 duo
866 1886 1046 1948 millia
1072 1887 1387 1948 liberorum
1414 1889 1665 1964 capitum
1694 1887 1839 1948 red-

464 1964 569 2026 diti
605 1957 851 2026 colonis.

543 2044 736 2107 XXII.
779 2046 995 2129 Magna
1039 2045 1282 2108 viRoria
1330 2046 1574 2129 laetaque
1621 2045 1836 2110 Romae

463 2123 587 2188 fuit.
626 2126 856 2188 Litteris
892 2127 1072 2189 allatis
1093 2172 1115 2201 ‚
1132 2126 1473 2210 supplicatio
1496 2130 1554 2188 in
1576 2128 1840 2192 triduum

463 2207 696 2267 decreta
738 2206 837 2269 est.
879 2208 1280 2270 Romanorum
1318 2210 1717 2290 sociorumque
1754 2210 1835 2270 ad

466 2288 585 2347 duo
618 2288 797 2347 millia
831 2309 903 2349 eo
948 2291 1160 2371 proelio
1195 2292 1526 2351 ceciderunt
1552 2310 1570 2361 ;
1599 2288 1835 2370 plurimi

466 2368 686 2428 dextrae
717 2370 858 2441 alae,
899 2371 956 2428 in
995 2390 1169 2451 quam
1217 2372 1406 2449 primo
1462 2370 1687 2449 impetu
1739 2372 1834 2432 vis

463 2450 664 2530 ingens
698 2448 947 2510 hostium
984 2451 1142 2511 illata
1177 2449 1275 2512 est.
1313 2448 1687 2529 Quamquam
1709 2471 1839 2531 per

463 2547 775 2610 praetorern
807 2532 992 2613 prope
1036 2531 1383 2591 debellatum
1428 2544 1589 2603 erat,
1629 2529 1838 2596 consu}

462 2630 695 2691 quoque
720 2609 794 2671 C·
813 2611 1083 2672 Aurelius
1103 2654 1123 2683 ,
1183 2608 1402 2670 erfeffis
1426 2652 1444 2680 ,
1468 2628 1595 2687 quae
1616 2607 1832 2674 Rornae

462 2690 683 2771 agenda
710 2690 934 2751 fuerant
951 2735 971 2764 ‚
1002 2712 1110 2772 pro
1138 2688 1291 2751 eclus
1314 2691 1372 2748 in
1391 2686 1641 2748 Galliam
1659 2733 1678 2762 ‚
1700 2690 1836 2751 vic-

460 2786 652 2831 torem
687 2773 1001 2832 exercitum
1028 2793 1062 2829 a
1093 2787 1335 2851 praetore
1374 2771 1614 2851 accepit.
1659 2767 1827 2831 Con-

464 2848 547 2912 sul
577 2852 717 2912 alter
736 2896 757 2927 ,
791 2872 969 2934 quum
997 2868 1274 2917 autumno
1306 2849 1488 2918 ferme
1531 2849 1734 2918 θκειᾶο
1766 2853 1828 2915 ia
