2017 3609
408 186 496 285 3⁶
793 185 1384 260 T.·L1r11

182 314 383 364 ἐξ-..ιε
399 303 618 364 bellum
637 347 655 375 ‚
683 303 959 387 agrosque
983 303 1360 365 finitimorum
1383 298 1637 363 vastabat
1656 342 1676 372 ,
1699 295 1782 364 δέ

181 381 381 478 ᾙεῆῖῖ·
400 382 518 464 jam
553 384 783 444 urbibus
825 405 1058 468 quoque
1086 402 1203 446 erat
1224 383 1505 444 terribilis.
1531 380 1775 441 Adver-

206 457 223 480 ’
268 444 381 479 '²⁰⁰'
398 470 493 528 sus
528 466 679 525 hunc
699 464 925 526 hostem
946 510 965 538 ,
998 487 1176 548 quum
1195 511 1214 539 ,
1236 483 1512 547 quantum
1530 483 1601 522 ex
1625 481 1778 542 qua*

396 566 512 627 que
554 548 784 609 civitate
823 547 1073 607 militum
1114 539 1446 607 scriberetur
1472 586 1493 616 ,
1539 538 1772 603 consul-

393 641 584 693 tarent
624 649 644 703 ;
681 625 974 708 Philippus
999 669 1020 701 ,
1052 627 1417 708 dempturum
1454 624 1510 685 se
1545 625 1628 682 eis
1664 642 1776 681 cu·

394 729 519 775 ram
556 750 576 782 ,
622 707 781 788 quod
827 709 903 767 ad
942 707 1135 767 Nabin
1183 710 1247 770 &
1289 704 1771 766 Lacedaemonios

393 791 661 848 attineret
680 833 701 863 ‚
736 788 1025 868 pollicitus
1046 830 1065 859 ‚
1097 809 1205 849 nec
1233 791 1452 848 tantum
1483 804 1647 866 agros
1672 780 1772 841 so⁴

393 871 620 929 ciorum
656 866 1118 947 populationibus
1151 867 1575 948 prohibiturum
1604 908 1623 937 ,
1658 860 1771 924 sed

393 966 680 1017 terrorem
723 967 959 1006 omnem
1009 947 1147 1006 belli
1197 949 1258 1006 in
1305 947 1484 1027 ipsam
1520 944 1776 1005 Laconi·-

397 1048 526 1096 cam
544 1072 563 1100 ‚
592 1024 761 1086 ducto
788 1027 862 1086 eb
888 1024 1184 1108 extemplo
1216 1029 1471 1088 exercitu
1489 1070 1507 1098 ,
1529 1021 1776 1085 transsa-

397 1125 611 1167 turum.
635 1105 778 1167 Haec
799 1109 983 1167 oratio
1021 1128 1199 1189 quum
1220 1109 1437 1190 ingenti
1461 1107 1772 1167 hominum

395 1184 611 1247 affensu
639 1191 1027 1268 acciperetur,
1058 1188 1153 1248 Ita
1192 1207 1367 1249 tamen
1403 1208 1613 1268 aequum
1650 1188 1720 1267 est
1739 1223 1774 1258 ⁵

396 1268 585 1349 inquit
604 1312 626 1340 ,
660 1291 740 1327 me
777 1272 945 1351 vestra
974 1272 1107 1329 meis
1144 1272 1307 1329 armis
1328 1271 1529 1339 tutari,
1548 1290 1618 1328 ne
1644 1288 1766 1325 mea

400 1349 607 1409 interim
648 1350 914 1409 nudentur
938 1352 1212 1430 praefidiis.
1246 1351 1439 1429 Itaque
1462 1394 1484 1422 ,
1506 1350 1566 1426 fi
1602 1348 1767 1408 vobis·

397 1430 650 1500 videtur,
678 1446 888 1489 tantum
929 1448 1125 1509 parate
1177 1431 1408 1490 militum
1429 1474 1449 1500 ,
1499 1445 1772 1508 quantum.

398 1510 477 1571 ad
503 1511 724 1580 Oreum,
747 1510 801 1569 ἃ
824 1512 1130 1571 Chalcidem
1150 1555 1172 1583 ,
1199 1512 1253 1572 6·
1280 1512 1585 1572 Corinthum
1613 1525 1772 1569 tuen·-

398 1591 476 1653 da
493 1587 640 1668 finis
661 1591 739 1667 fit
762 1612 788 1663 ‚·
827 1610 890 1649 ut
920 1594 1053 1652 meis
1087 1592 1157 1651 ab
1179 1610 1315 1674 tergo
1350 1593 1486 1651 tutis
1506 1633 1525 1662 ‚
1539 1588 1768 1668 securus

394 1670 592 1733 bellum
608 1672 822 1731 Nabidi
843 1670 1069 1752 insitam
1087 1672 1141 1732 6·
1160 1673 1600 1733 Lacedaemoniis.
1621 1668 1776 1732 Noa

394 1749 605 1815 fefellit
640 1751 888 1813 Achaeos
912 1799 932 1828 ,
965 1754 1084 1835 quo
1119 1750 1407 1834 spectass'et
1444 1769 1563 1812 tam
1601 1751 1776 1813 beni*

396 1852 511 1913 gna
536 1832 884 1933 pollicitatio
906 1878 925 1907 ‚
956 1833 1342 1914 auxiliumque
1378 1832 1635 1893 oblatum
1664 1831 1772 1891 ada

395 1932 599 1975 versus
632 1911 1103 1973 Lacedaemonios
1133 1935 1147 1972 :
1177 1913 1236 1971 id
1260 1916 1436 1993 quaeri
1459 1956 1478 1985 ‚
1511 1930 1574 1973 ut
1609 1910 1774 1974 obfi-

397 1991 536 2053 dem
571 1991 921 2054 Achaeorum
955 1990 1317 2069 iuventutem
1363 1993 1637 2054 educeret
1685 2012 1770 2052 exc

391 2069 795 2153 Peloponneso
814 2116 832 2144 ,
853 2070 928 2132 ad
956 2070 1286 2154 illigandam
1309 2072 1578 2134 Romano
1600 2072 1766 2134 bello

390 2169 648 2292 {entem-
683 2149 755 2211 Et
801 2151 862 2210 id
902 2153 1137 2234 quidem
1171 2175 1305 2214 coar
1349 2176 1481 2215 uere
1525 2152 1768 2235 Cyclia«

435 2254 494 2291 as
545 2248 756 2313 praetor
792 2231 1147 2294 Achaeorum
1192 2175 1345 2296 nihi}
1376 2238 1616 2295 attinere
1665 2255 1761 2294 ra-

389 2330 521 2383 tus,
569 2313 626 2370 id
676 2310 856 2370 modo
896 2333 1078 2396 quum
1126 2312 1384 2386 dixiss'et,
1421 2336 1541 2378 non
1583 2316 1759 2379 licere

359 2392 610 2473 'legibus
648 2390 995 2452 Achaeorum
1033 2393 1105 2454 de
1146 2394 1268 2456 aliis
1302 2395 1472 2460 rebus
1502 2394 1766 2470 referre,

388 2472 561 2554 quarn
643 2487 839 2552 ropter
877 2495 1016 2555 quas
1060 2478 1366 2538 convocati
1396 2475 1610 2549 essent,
1651 2476 1756 2536 de·-

385 2570 544 2616 creto
618 2571 650 2614 e
685 2554 938 2616 exercitu
977 2557 1231 2633 parando
1262 2557 1533 2616 adversus
1553 2555 1756 2618 Nabin

384 2630 534 2692 facio
555 2676 573 2703 ,
605 2632 911 2697 concilium
941 2631 1163 2709 fortiter
1188 2657 1253 2695 ac
1282 2637 1459 2697 libere
1491 2634 1754 2702 habitum

387 2710 599 2776 dimisit
617 2756 635 2786 ‚
667 2713 816 2772 inter
844 2712 1205 2778 assentatores
1234 2717 1419 2795 regios
1458 2730 1586 2775 ante
1616 2734 1758 2780 eam

384 2793 545 2874 ‚diem
568 2792 812 2858 habitus.
834 2793 1125 2881 Philippus
1146 2838 1167 2873 2
1190 2795 1394 2883 magnii
1422 2794 1517 2885 spe
1543 2795 1752 2882 depu13
1795 2825 1799 2829 -
