2017 3609
432 245 517 317 32
816 226 1417 296 T.L1V11

214 354 403 394 aa
428 336 605 421 usque
643 337 717 397 ad
758 338 994 405 nossem
1044 344 1246 402 tenuit.
1297 341 1505 402 Primis
1543 337 1814 398 tenebris

204 409 413 504 ,HQ-⁰202
430 420 620 479 movit
638 442 659 495 3
679 421 744 481 &
761 417 1066 503 tranquillo
1090 419 1391 503 perveRus‘
1417 419 1811 491 Chal-cidem,

474 499 604 560 aulo
631 516 758 561 ante
792 501 983 562 lucem
1002 548 1022 577 ,
1053 503 1164 584 qua
1185 499 1694 584 infrequentiffima
1717 520 1815 559 ur·
1903 557 1912 560 -

429 522 520 641 gis
545 579 671 641 sunt
689 624 708 654 ,
729 584 922 663 paucis
939 583 1214 643 militibus
1247 585 1446 644 turrim
1472 583 1818 661 proxinunn

433 683 780 744 murumque
817 665 966 724 circa
1000 663 1159 724 scalis
1198 666 1388 745 cepit,
1425 662 1562 723 alibi
1598 659 1818 741 sopitis
1867 709 1870 714 .

432 740 765 803 custodibus
787 787 808 817 ‚
842 742 974 803 alibi
1007 745 1173 805 nullo
1217 742 1571 805 custodiente
1611 762 1629 802 ι
1663 761 1821 821 pro-

435 822 600 906 greffi
629 824 760 883 inde
781 823 857 882 ad,
875 823 1197 906 frequentia
1211 824 1462 885 aedificiis
1482 822 1610 883 loca
1629 859 1650 892 ‚
1677 818 1820 880 eutl-

433 904 669 963 todibus
704 902 1043 979 interfectis,
1075 905 1425 985 refractaque
1457 902 1664 985 porta,
1714 920 1819 961 ce-

436 1001 622 1042 teram
642 985 1067 1046 multitudinem
1080 1002 1426 1047 armatorum
1439 1004 1611 1064 accep
1618 998 1819 1043 erunt.

437 1062 583 1123 Inde
613 1067 672 1124 in
704 1081 888 1127 totam
920 1066 1123 1128 urbem
1150 1064 1457 1127 discursum
1491 1063 1572 1124 est
1595 1086 1614 1138 3
1638 1060 1821 1123 aufto
1896 1072 1902 1075 ’

442 1146 620 1203 etiam
669 1148 917 1207 tumultu
951 1191 970 1220 ‚
1016 1148 1174 1228 quod
1222 1149 1373 1207 circa
1425 1145 1616 1207 forum
1657 1145 1822 1225 ignis

441 1222 607 1284 teffis
641 1226 879 1305 injeEIus
919 1245 1058 1288 erat.
1092 1226 1530 1309 Conflagrarunt
1569 1227 1633 1286 ὅ(
1668 1225 1826 1283 hor-

441 1325 541 1364 rea
576 1309 732 1387 regia
753 1351 772 1380 ,
805 1310 869 1369 ὅ(
904 1311 1400 1368 armamentarium
1425 1328 1556 1367 cum
1587 1308 1823 1387 ingenti

443 1407 478 1444 a
521 1404 718 1464 paratu
790 1388 1183 1448 machinarum
1250 1405 1824 1467 tormentorumque.

507 1466 656 1525 aedes
687 1467 822 1528 inde
859 1466 1057 1550 paflim
1106 1468 1447 1550 fugientium
1488 1468 1701 1550 pariter
1742 1488 1822 1526 ac

443 1549 883 1629 repugnantium
931 1547 1058 1608 fieri
1109 1567 1298 1630 coepta
1348 1547 1431 1609 est
1474 1570 1493 1624 ;
1536 1567 1645 1607 nec
1689 1545 1826 1608 ullo

444 1624 606 1706 jam,
651 1631 747 1709 qui
795 1629 1056 1689 militaris
1108 1632 1291 1690 aetatis
1337 1628 1513 1702 esset,
1552 1648 1671 1687 non
1716 1645 1825 1689 aut

445 1706 593 1768 caeso
616 1752 635 1780 ,
657 1726 752 1769 aut
769 1708 967 1791 fugato
990 1757 1010 1784 ‚
1031 1710 1278 1792 Sopatro
1301 1714 1470 1771 etiam
1501 1708 1820 1769 Acarnane

437 1787 717 1868 praefeRo
751 1790 994 1872 praesidii
1030 1790 1333 1853 interfefito
1354 1836 1372 1864 ,
1401 1789 1594 1872 praeda
1625 1792 1825 1850 omnis

445 1870 635 1947 primo
676 1871 737 1927 in
774 1870 966 1930 forum
1006 1872 1253 1944 collata,
1298 1871 1505 1931 deinde
1543 1871 1602 1928 in
1634 1891 1825 1930 naves

445 1946 715 2028 impofita
741 1971 756 2009 :
789 1970 981 2010 carcer
1012 1956 1182 2010 etiam
1211 1952 1283 2010 ab
1320 1950 1565 2010 Rhodiis
1603 1949 1823 2010 refrac-

447 2044 537 2087 tus
557 2050 576 2102 3
596 2026 888 2111 emiffique
915 2032 1161 2111 captivi,
1220 2052 1327 2091 uos
1349 2029 1642 2111 Philippus
1671 2048 1823 2091 tam-

283 2101 434 2188 ἴῖἷῖἶ·
493 2129 624 2169 uam
654 2111 713 2170 in
741 2107 1071 2173 tutissimam
1106 2052 1423 2173 custodiam
1455 2111 1822 2173 condiderat.

233 2200 426 2249 statuunt·
451 2130 662 2250 §tamis
706 2191 842 2250 inde
891 2194 1045 2273 regis
1099 2190 1336 2272 dejeffis
1393 2190 1775 2274 truncatisque
1803 2239 1827 2267 ,
1900 2227 1908 2234 ·

450 2268 610 2351 signo
637 2273 896 2351 receptui
926 2273 1099 2347 dato'‚
1125 2271 1579 2333 conscenderunt
1608 2293 1823 2349 naveS‚

454 2352 519 2414 ὅ(
533 2349 836 2423 Piraeeum,
855 2351 1006 2412 unde
1032 2352 1275 2433 profeffi
1302 2368 1463 2412 erant
1474 2397 1493 2425 ,
1507 2352 1822 2417 redierunt.

449 2428 643 2508 ,Quod
672 2428 715 2490 fi
744 2448 968 2492 tantum
991 2433 1240 2493 militum
1262 2432 1665 2493 Romanorum
1686 2432 1827 2493 fuis-

452 2508 576 2584 set,
611 2527 673 2570 ut
716 2513 781 2572 δι
819 2510 1052 2574 Chalcis
1090 2515 1273 2574 teneti
1302 2555 1321 2583 ‚
1356 2513 1421 2572 &
1453 2532 1573 2571 non
1634 2511 1825 2576 deseri

450 2588 779 2672 praefidium
797 2591 1157 2653 Athenarum
1177 2588 1445 2674 potuisset
1464 2611 1483 2662 ;
1500 2610 1593 2650 ma
1632 2611 1705 2649 na
1725 2612 1824 2657 res

450 2671 733 2753 principio
775 2670 958 2731 statim
995 2672 1132 2733 belli
1155 2716 1175 2745 ‚
1205 2670 1433 2731 Chalcis
1468 2671 1533 2731 &
1570 2610 1821 2753 ffuripus

455 2750 725 2830 adempta
749 2756 869 2834 regi
895 2751 1089 2812 forent
1126 2773 1141 2812 :
1180 2772 1313 2811 nam
1352 2769 1417 2811 ut
1448 2751 1599 2811 terra
1641 2750 1826 2815 Ther·

450 2830 824 2912 mopylarum
870 2830 1137 2912 angustiae
1176 2831 1466 2898 Graeciam
1495 2877 1517 2910 ,
1558 2835 1637 2896 ita
1680 2837 1821 2913 mati

455 2909 666 2974 fretum
697 2910 895 2996 Euripi
928 2912 1163 2983 claudit.
