2017 3609
337 251 705 323 LGzn
810 249 1183 321 XXXI.
1344 243 1441 351 ῆς·

142 357 407 445 tiispmdere
425 391 585 448 quum
609 366 957 450 coegiffemus
976 411 997 442 ‚
1021 367 1193 427 urbem
1210 411 1229 441 ‚
1247 388 1437 449 agros,
1460 398 1657 435 ===

138 439 288 525 filaque
313 454 483 509 omnia
518 470 639 509 curn
674 451 920 509 libertate
958 445 1257 531 legibusque
1290 450 1442 510 Rhe-
1460 456 1654 510 [Le-55²·

141 525 254 603 ginis
275 532 571 590 reddidimus
605 534 640 590 ?
676 527 1046 610 Syracusanis
1087 550 1156 609 op
1193 529 1329 609 reffis
1367 529 1438 588 ab
1458 507 1653 549 ‘3⁸⁰‘²⁰⁰'

140 611 320 667 extemis
340 614 581 691 tyrannis
602 655 625 683 ‚
654 612 764 689 quo
798 613 1075 691 indignius
1097 550 1218 686 effit
1234 654 1256 681 ‚
1280 630 1442 689 quum

136 686 376 765 tuliffemus
406 713 557 773 opem
584 713 612 763 ,·
646 691 703 750 6»
721 689 957 773 fatigati
983 692 1153 772 prope
1167 710 1267 770 per
1288 692 1450 749 trien-

134 766 252 826 nium
281 770 399 830 terrd
431 774 670 852 marique
723 773 847 830 urbe
886 769 1230 849 munittffimd
1278 790 1350 850 op
1386 791 1451 830 u-

131 851 313 925 gnandd
335 849 544 931 ffmus
565 897 589 923 ,
623 873 787 932 quum
813 850 938 932 jam
978 852 1084 932 ipsi
1110 790 1453 934 Syracussni

124 927 283 1001 servire
306 935 541 1013 tyrannis
555 977 578 1004 ,
610 933 773 1013 qua'm
797 953 862 991 ca
900 935 978 992 ia
999 933 1156 992 nobis
1187 932 1452 1005 mallent,

141 1027 313 1087 captam
338 1011 512 1090 iisdem
554 1015 722 1073 armis
758 1012 812 1072 ὃ·
863 1015 1121 1072 iberatam
1143 1014 1317 1072 urbem
1339 1015 1453 1073 red-

147 1088 345 1151 didimus.
363 1096 552 1173 Neque
585 1095 805 1172 inficias
828 1095 970 1153 imus
995 1137 1016 1166 ,
1052 1094 1303 1153 Siciliam
1320 1116 1452 1175 pro-

143 1169 331 1231 w'nciarn
367 1177 590 1256 nostram
621 1172 721 1254 effi
742 1218 762 1247 ‚
805 1173 859 1233 ὃ·
897 1176 1186 1246 civitates,
1230 1193 1347 1254 quae
1390 1177 1454 1235 in.

136 1268 258 1327 parte
286 1254 777 1337 Carthaginiensium
797 1252 1023 1333 fuerunt
1038 1299 1057 1326 ,
1081 1254 1153 1314 ἃ.
1176 1276 1285 1314 uno
1331 1258 1454 1315 ani-

141 1350 210 1389 mo
231 1353 332 1391 cum
360 1336 471 1394 illis
508 1335 774 1396 adversus
805 1357 910 1395 nos
940 1336 1134 1395 bellum
1201 1333 1459 1413 effer-unt,-

132 1410 460 1490 stipendian'as
492 1417 657 1474 nobis
696 1438 764 1475 ac
800 1417 1083 1498 vebligaIes
1130 1438 1157 1474 e
1202 1439 1229 1474 e
1257 1438 1275 1475 .·
1320 1419 1461 1495 quin·

142 1494 294 1552 contrd
308 1538 330 1566 ,
361 1498 456 1557 lzoc
477 1495 535 1555 6·
565 1519 672 1557 vos
693 1496 750 1556 6·
786 1518 965 1557 omnes
986 1515 1167 1579 gentes
1194 1495 1333 1574 scire
1360 1519 1455 1557 vo·

138 1568 315 1649 Ιιιηιω,
326 1598 421 1657 pro
455 1579 639 1636 merito
669 1578 861 1658 cuique
893 1599 1013 1659 erga
1044 1599 1146 1638 nos
1171 1575 1459 1656 fhrtunam

142 1650 231 1731 ff.
258 1658 350 1717 An
375 1659 764 1740 Campanorum
847 1679 970 1718 oenae
992 1703 1012 1732 ,
1043 1660 1108 1715 de
1143 1678 1254 1736 qua
1291 1678 1460 1736 neque

139 1733 224 1811 ipfi
257 1741 451 1816 quidem
496 1741 645 1820 queri
690 1760 765 1821 po
811 1756 946 1809 unt,
987 1757 1091 1796 nos
1118 1739 1380 1816 poeniteat
1422 1740 1461 1797 ?

139 1815 209 1873 ffl
240 1818 462 1879 homines
477 1864 501 1890 ,
536 1841 700 1899 quum
729 1841 831 1899 pro
870 1821 945 1877 iis
974 1817 1169 1877 bellum
1198 1816 1461 1878 adversus

142 1895 379 1959 Samnites
403 1920 504 1981 per
541 1922 723 1960 annos
757 1900 924 1982 prope
950 1896 1296 1981 septuaginta
1337 1921 1476 1969 cum,
1503 1953 1510 1960 ,

143 1980 324 2056 magnis
351 1981 530 2062 nostris
560 1981 811 2040 cladibus
822 1976 1135 2061 geffiffemus
1152 2025 1175 2052 ,
1198 1978 1343 2061 ipfhs
1353 1978 1460 2059 foe-

145 2057 246 2113 dere
261 2061 505 2138 primum,
548 2063 739 2121 deinde
784 2061 1050 2122 connubio
1071 2106 1093 2132 ‚
1137 2077 1299 2138 atque
1336 2062 1465 2119 inde

142 2141 515 2218 cognationibus
531 2186 555 2213 ,
579 2141 838 2222 postremo
880 2142 1105 2200 civitate
1135 2141 1295 2200 nobis
1333 2159 1478 2208 con-¹

133 2210 457 2299 junxiffemus
473 2268 495 2294 ,
537 2241 764 2303 tempore
815 2221 983 2301 nostro
1037 2217 1255 2295 adverso
1300 2219 1467 2299 primi

149 2302 350 2360 omnium
392 2304 570 2363 Italiae
606 2302 930 2386 populorum
951 2346 972 2374 ‚
1010 2302 1245 2381 praefidio
1293 2301 1468 2380 nostro

141 2374 261 2455 fede*
293 2382 546 2464 interftffo
568 2428 592 2455 ,
626 2385 716 2444 'ad
743 2382 1081 2444 Annibalem
1125 2378 1421 2459 defecerunt
1446 2401 1468 2440 .·

149 2459 344 2535 deinde,
375 2466 647 2548 indignati
677 2461 741 2542 fi
782 2462 1000 2541 obsideri
1037 2482 1073 2517 a
1108 2462 1303 2533 nobis,
1337 2462 1472 2521 An-

156 2541 353 2603 nibalem
411 2548 489 2606 ad
549 2544 966 2626 oppugnandam
1026 2544 1254 2602 Romam
1319 2538 1473 2619 mifi-

163 2638 278 2680 runt.
298 2627 498 2685 Horum
526 2627 584 2704 fi
608 2646 774 2705 neque
803 2624 925 2682 urbs
945 2618 1095 2702 ipsa,
1127 2644 1295 2702 neque
1317 2625 1475 2682 homo

160 2698 396 2778 quisquam
458 2702 703 2787 upereffit
728 2745 748 2773 ‚
781 2705 906 2784 quis
937 2702 1158 2777 durius,
1180 2703 1341 2782 qudm
1370 2723 1477 2784 pm

155 2781 317 2840 merito
347 2787 393 2866 ip
418 2807 569 2846 orum
590 2827 609 2857 ‚
632 2787 894 2866 statutum
928 2783 1200 2865 indignari
1224 2780 1399 2865 poffit
1439 2783 1480 2846 ἓ.

151 2857 321 2925 Plures
333 2867 550 2946 sibimet
579 2866 684 2953 ἱρῇ
710 2863 1034 2946 conscientie}
1052 2861 1309 2943 sceletum
1342 2881 1480 2922 mor«
