2017 3609
526 269 623 349 94
922 247 1536 324 T.L1r11

310 392 504 430 εξ
523 364 790 454 peteret'‚'
840 368 1125 452 oppidum
1168 369 1447 451 protinus
1486 364 1723 428 nomine
1760 361 1884 428 Phea*

306 450 504 545 {fg-{53
524 469 652 512 cam
675 492 696 522 ,
731 448 899 511 fitum
932 452 1084 510 inter
1117 448 1447 533 Gomphos
1481 445 1777 530 faucesque
1792 467 1879 506 ana

390 527 402 541 ’
440 515 465 553 ⁹
494 529 711 614 'gustas
731 574 750 603 ,
785 552 913 613 quae
947 532 1020 591 ab
1060 529 1416 592 Athamania
1443 528 1779 590 Thessaliam
1811 527 1879 586 di-

520 615 741 672 rimunt
760 656 781 686 ‚
811 614 874 672 vi
907 611 1063 692 cepit
1085 612 1258 672 :inde
1297 609 1622 692 Gomphos
1640 608 1848 668 adortus
1858 625 1875 679 ς

522 694 586 756 ὅτ
623 714 727 774 per
755 693 973 773 aliquot
1002 691 1126 752 dies
1155 690 1388 752 summa
1420 695 1488 753 vi
1510 692 1713 750 urbem
1739 705 1876 746 tuen·

520 788 613 834 tes
634 819 654 850 ‚
693 791 871 855 quum
905 771 1078 832 scalas
1112 771 1187 831 ad
1224 773 1457 833 moenia
1486 764 1778 842 erexisset,
1813 784 1874 826 eo

516 855 758 915 demum
789 868 946 912 metu
965 850 1217 934 perpulit
1247 853 1331 914 ad
1348 852 1730 914 deditionem.
1752 847 1872 907 Haec

517 934 752 995 traditio
797 929 1210 1012 Gomphorum
1256 934 1567 1017 ingentem
1618 945 1870 991 terrorem

514 1011 794 1074 Thessalis
824 1013 1014 1074 intulit
1042 1036 1056 1072 ε
1092 1012 1378 1075 dedidere
1418 1015 1694 1095 deinceps
1735 1005 1869 1077 sese,

516 1096 617 1175 qui
640 1096 727 1154 Ar
768 1110 928 1166 enta,
952 1096 1167 1177 quique
1185 1093 1542 1168 Pherinum,
1570 1096 1637 1155 &
1657 1088 1868 1151 Thima-

516 1193 648 1236 rum
666 1219 687 1249 ‚
821 1173 1039 1236 Lifinas
1055 1219 1075 1250 ,
1109 1176 1175 1237 &
1196 1173 1535 1238 Stimonem
1553 1219 1575 1250 ,
1602 1174 1666 1235 &
1690 1169 1866 1248 Lamp-

518 1254 643 1317 sum
678 1255 896 1316 habent
913 1300 935 1330 ,
978 1256 1208 1337 aliaque
1251 1255 1495 1317 castella
1533 1251 1692 1336 juxta
1723 1252 1863 1332 igno-²

517 1335 670 1397 bilia.
706 1334 872 1396 Dum
900 1335 1256 1397 Athamanes
1272 1337 1582 1419 AEtolique
1604 1379 1624 1410 ‚
1642 1331 1862 1422 summo·

515 1432 580 1477 to
619 1415 1018 1477 Macedonum
1066 1436 1264 1490 metu,
1304 1419 1370 1477 in
1424 1419 1615 1478 aliena
1655 1409 1862 1501 viden?

516 1495 677 1557 suam
717 1497 974 1581 praedam
1005 1495 1262 1571 faciunt,
1293 1494 1699 1577 Thessaliaque
1728 1512 1761 1550 a
1782 1505 1860 1547 tn·

509 1576 619 1640 bus
635 1576 803 1639 simul
816 1579 1156 1639 exercitibus
1168 1623 1187 1652 ‚
1200 1580 1430 1640 incerta
1445 1596 1626 1663 quem
1635 1569 1858 1639 hostem,

556 1680 767 1720 uemve
814 1658 1035 1720 socium
1088 1659 1395 1734 crederet,
1428 1657 1714 1729 vastatur3
1742 1667 1855 1711 τοῦ·

509 1678 596 1801 flul
623 1740 879 1801 faucibus
897 1782 918 1814 ‚
1030 1760 1092 1801 as
1108 1738 1246 1822 fuga
1271 1739 1532 1802 hostium
1552 1745 1853 1822 aperuerat,

510 1821 574 1879 in
607 1823 908 1902 regionem
994 1821 1102 1901 piri
1127 1819 1490 1904 transgressus
1516 1865 1537 1895 ,
1567 1815 1668 1880 etfi
1692 1807 1850 1897 prob&

510 1898 613 1958 scit
648 1902 741 1959 cui
780 1901 969 1980 parti,
999 1898 1279 1982 Charopo
1311 1904 1577 1983 principe
1596 1915 1728 1960 exce
1763 1907 1847 1959 to,

302 1991 498 2055 ‚Epirqris
512 1977 767 2060 Epirotae
800 1978 1104 2055 favissent,
1140 1996 1336 2040 tamen
1357 2025 1379 2054 ‚
1425 1984 1562 2065 quia
1606 1979 1677 2039 ab
1740 1973 1848 2032 ati&

296 2041 464 2143 ξξζῇζΐ
509 2057 758 2120 faciendi
788 2076 1022 2142 quoque
1047 2079 1183 2119 cura
1198 2060 1481 2144 imperata
1502 2060 1671 2124 enixe
1686 2054 1848 2115 facere

508 2140 712 2215 videt,
745 2162 816 2201 ex
859 2139 1125 2222 praesenti
1162 2161 1268 2202 eos
1310 2147 1508 2225 potius
1531 2189 1551 2219 ,
1587 2137 1751 2224 quam
1787 2146 1846 2189 ex

506 2223 796 2304 praeterito
819 2265 840 2295 ‚
865 2221 1105 2283 aestimat
1134 2220 1333 2284 habitu
1352 2269 1373 2299 ,
1414 2227 1483 2287 &
1514 2224 1586 2286 ea
1620 2217 1738 2302 ipsa
1775 2207 1848 2270 fa-

506 2303 723 2360 cilitate
758 2303 943 2364 veniae
967 2304 1197 2363 animos
1238 2323 1444 2365 eorum
1481 2307 1543 2366 in
1581 2297 1845 2385 posterum

506 2381 793 2443 conciliat.
829 2381 1014 2444 Miffis
1046 2383 1254 2446 deinde
1277 2387 1488 2447 nuntiis
1511 2383 1845 2464 Corcyram,

505 2477 573 2521 ut
602 2465 878 2523 onerariae
913 2485 1096 2527 naves
1129 2467 1190 2524 in
1221 2464 1407 2527 finum
1433 2468 1701 2528 venirent
1723 2455 1843 2519 Am·

503 2541 799 2618 bracium,
829 2542 987 2625 ipse,
1021 2545 1341 2628 progressus
1373 2548 1623 2608 modicis
1647 2532 1843 2627 itiner}-

502 2621 647 2695 bus,
686 2640 892 2704 quarto
922 2624 1018 2684 die
1052 2627 1112 2683 in
1140 2641 1340 2687 monte
1364 2625 1643 2689 Cercetio
1672 2613 1842 2704 postu}

499 2700 680 2762 castra
699 2747 719 2777 ,
755 2701 969 2764 eodem
987 2703 1379 2785 Amynandro
1415 2728 1549 2769 cum
1578 2705 1688 2765 suis
1712 2712 1842 2759 aun·

498 2782 589 2844 liis
631 2784 817 2844 accito
840 2826 859 2856 ‚
892 2804 1012 2846 non
1051 2800 1173 2846 tam
1212 2787 1426 2848 virium
1472 2787 1597 2868 ejus
1643 2794 1804 2865 egens
1820 2812 1839 2843 ‚

495 2862 676 2948 quam
709 2881 775 2929 ut
812 2864 987 2933 duces
1022 2866 1081 2930 in
1104 2864 1448 2937 Thessaliam
1483 2866 1714 2931 haberet
1728 2878 1746 2920 ε
1772 2850 1838 2915 ab
