2017 3609
357 214 415 284 T.
441 216 711 285 LIVII
747 217 943 287 ΖΔΒ.
980 214 1350 286 XXXII.
1428 238 1526 310 77

219 335 347 392 'creto
374 329 663 393 instauratae
701 331 829 393 sunt
861 356 882 408 ;
915 333 1087 415 quo&
1105 333 1274 415 legati
1304 331 1376 393 ab
1403 330 1522 393 Ar·
1540 348 1740 397 εις-ιι

220 409 299 470 dea
322 411 478 493 questi
507 416 562 472 in
596 412 788 474 senatu
829 430 1032 487 erant,
1070 412 1172 473 fibi
1215 416 1275 472 in
1313 431 1516 475 monte
1530 414 1732 505 9·ἑῆῑῦ

211 488 396 551 Albano
424 493 627 553 Latinis
651 515 884 554 carnem
903 539 924 568 ,
958 512 1024 555 ut
1056 492 1251 556 assolet
1271 538 1291 567 ‚
1323 494 1514 556 datam
1555 489 1567 502 ’
1625 489 1637 503 ‘
1664 475 1734 516 θ’

205 589 301 631 non
327 571 436 634 effe.
470 574 564 634 Ab
595 572 789 642 Suessa
835 576 1153 635 nuntiatum
1202 573 1285 635 est
1316 620 1335 649 ‚
1374 575 1512 637 duas
1558 594 1706 657 proat-

200 668 395 730 portas,
425 655 691 737 quodque
726 658 872 715 inter
913 675 1008 715 eas
1049 657 1200 715 muri
1236 671 1388 728 erat,
1438 656 1512 718 de
1531 658 1610 696 ⁸¹⁸·

198 731 326 794 coelo
363 734 559 795 tassum
593 758 612 809 3
649 738 714 798 ὃ(
765 735 1054 795 Formiani
1102 735 1273 817 legati
1331 736 1520 797 aedem

197 808 362 887 Jovis,
380 817 507 875 item
528 813 823 877 Ostienses
851 815 1041 877 aedem
1075 815 1242 877 Iovis
1262 860 1283 887 ,
1309 815 1373 876 δι
1395 815 1521 876 Ve-

197 889 353 954 literni
367 894 646 976 Apollinis
680 898 746 958 &
778 895 942 957 Sanci
971 895 1167 971 aedes3
1196 898 1260 957 &
1287 897 1346 954 in
1369 895 1520 956 Her-

203 972 311 1033 culis
341 976 452 1036 aede
478 978 751 1058 capillum
785 993 1053 1036 enatum:
1081 978 1146 1038 ὃ(
1182 996 1254 1036 ex
1284 975 1519 1037 Bruttiis

202 1050 258 1110 ab
271 1052 341 1135 Q.
358 1056 608 1117 Minucio
633 1073 990 1139 propraetore
1008 1055 1280 1136 scriptum
1293 1101 1315 1129 ‚
1332 1077 1517 1139 equu-

203 1130 326 1193 leum
352 1158 472 1197 cum
507 1139 762 1220 quinque
799 1136 1044 1219 pedibus
1064 1178 1084 1208 ,
1116 1136 1305 1217 pullos
1350 1139 1516 1221 galli-

201 1232 372 1276 naceos
396 1233 506 1279 tres
537 1239 671 1279 cum
700 1219 878 1277 ternis
911 1215 1157 1298 pedibus
1190 1233 1350 1277 natos
1379 1217 1515 1281 effe.

199 1290 316 1355 Inde
347 1318 374 1355 a
402 1297 459 1359 P.
495 1297 596 1359 Sul
638 1301 755 1359 icio
802 1295 1146 1379 proconsule
1203 1318 1273 1357 ex
1313 1297 1513 1359 Mace-

211 1372 351 1434 donia
363 1378 547 1439 litterae
626 1378 752 1439 latae
778 1423 798 1454 ,
833 1380 896 1438 in
929 1377 1134 1459 quibus
1153 1379 1301 1439 inter
1323 1395 1513 1441 cetera

208 1450 421 1536 scriptum
438 1476 555 1520 erat
578 1506 596 1530 ,
626 1459 877 1520 lauream
898 1461 956 1518 in
992 1461 1176 1540 puppi
1208 1462 1368 1522 navis
1390 1460 1515 1521 lon-

200 1552 273 1672 fn
307 1557 518 1601 enatam.
567 1540 833 1602 Priorum
887 1540 1057 1621 prodi
1096 1543 1284 1600 iorum
1345 1540 1515 1601 causa

219 1633 378 1680 enatus
422 1620 747 1693 censuerat,
786 1638 850 1681 ut
892 1619 1066 1681 consu
1091 1629 1152 1678 e's
1198 1617 1515 1697 majoribus

203 1692 362 1758 hostiis
386 1743 404 1772 ‚
443 1703 646 1784 quibus
697 1702 806 1762 diis
856 1700 1158 1760 videretur
1181 1742 1201 1772 ‚
1244 1697 1519 1759 sacrifica-

204 1794 346 1840 rent:
383 1783 455 1842 ob
493 1783 605 1844 hoc
645 1803 825 1842 unum
864 1780 1195 1863 prodigium
1236 1777 1520 1861 aruspices

203 1855 251 1912 in
294 1856 521 1921 senatum
574 1866 771 1923 vocati
805 1906 825 1935 ‚
881 1876 1052 1942 atque
1119 1879 1189 1919 ex
1248 1858 1519 1941 responso

205 1954 373 2004 eorum
407 1940 731 2024 supplicatio
771 1942 991 2024 populo
1039 1942 1097 1999 in
1135 1941 1292 2000 diem
1333 1961 1515 2001 unum

211 2015 389 2091 ediaa,
405 2023 460 2084 ὅ(
488 2024 563 2084 ad
595 2025 788 2084 omnia
822 2022 1139 2104 pulvinaria
1173 2041 1265 2081 res
1304 2021 1516 2081 divinae

203 2091 356 2158 {³6}ae-

200 2217 211 2224 —
269 2174 335 2237 Π.
362 2177 832 2267 Carthaginienses
859 2203 933 2243 eo
956 2203 1108 2242 anno
1135 2163 1432 2263 argentum
1453 2181 1513 2239 in
1552 2192 1738 2254 cqrrhag.

202 2252 495 2337 stipendium
513 2262 849 2347 impositum
913 2264 1122 2322 timum
1151 2261 1402 2324 Romam
1425 2261 1515 2320 ad·
1532 2255 1696 2328 ξζῖἑᾝὲ*

204 2355 439 2401 vexerunt
468 2366 482 2404 z
513 2345 575 2405 id
619 2345 751 2426 quia
773 2365 877 2424 pro
920 2364 1019 2403 um
1054 2362 1173 2401 non
1206 2340 1316 2401 esse
1337 2340 1520 2423 quaes·
1532 2337 1736 2436 ssss'ffsgl,

203 2431 331 2477 tores
347 2428 795 2485 renuntiaverant
806 2465 826 2494 ‚
843 2420 1369 2503 experientibusque
1387 2443 1515 2503 pars
1539 2447 1647 2473 vant-

207 2516 368 2576 quarta
392 2503 622 2564 decosta
654 2521 777 2564 erat
798 2549 821 2575 ,
852 2500 1098 2584 pecunia
1138 2499 1343 2560 Romae
1387 2524 1518 2564 mu·-
1533 2482 1738 2585 pffsss‘iuf‘m

207 2578 283 2635 tui
305 2576 534 2663 sumpta,
551 2586 1028 2644 internimentutn
1057 2584 1272 2664 argenti
1293 2580 1520 2664 supple-
1536 2581 1707 2622 '‘⁴⁴²⁶“

213 2672 392 2720 verunt.
428 2662 750 2725 Petentibus
779 2663 988 2725 deinde
1006 2709 1028 2736 ‚
1061 2679 1124 2723 ut
1144 2708 1163 2737 ,
1191 2660 1236 2721 fi
1268 2659 1384 2741 jam
1425 2666 1523 2722 vi-

211 2730 398 2798 deretur
430 2740 685 2818 senatui,
722 2744 950 2806 obfides
985 2742 1096 2805 fibi·
1114 2742 1525 2816 redderentur,

204 2832 403 2884 ,ctutum
430 2822 631 2894 redditi
661 2824 887 2889 obfides
922 2847 937 2888 t
975 2825 1050 2888 de
1080 2825 1281 2890 ceteris
1311 2866 1331 2896 ,
1374 2819 1418 2881 fi
1465 2824 1531 2893 in

1123 2900 1291 2982 Diij
