2017 3609
478 286 610 390 158
863 291 938 364 T.
1037 293 1465 387 errl

245 431 446 470 ‘’z-¹2¹⁸·-
471 426 741 494 quantam
783 409 1113 470 innocentia
1168 408 1337 469 dabat
1359 451 1379 480 ‚
1416 386 1850 468 disseruerunt}

249 488 445 582 εὲ-ςςς·
471 489 807 577 postremi),
838 490 993 551 ultro
1032 489 1247 573 aliquid
1303 491 1478 550 etiam
1521 488 1738 570 queri,
1786 484 1848 544 δὲ

343 554 445 595 ‘⁸⁹⁷'
469 570 743 655 castigare
775 573 1134 655 iniquitatem
1170 568 1339 630 simul
1358 573 1417 629 in
1450 567 1509 630 se
1543 566 1848 630 crudelita-

468 669 708 734 temque
763 650 880 713 aufi
902 694 921 725 ‚
960 655 1038 712 ita
1086 647 1399 712 affecerunt
1449 651 1681 709 animos
1716 691 1736 721 ‚
1786 658 1846 704 ut

470 737 694 808 omnia,
710 755 835 815 quae
853 735 913 793 in
934 752 1036 794 eos
1052 732 1278 792 decreta
1298 747 1456 791 erant
1470 775 1490 803 ‚
1506 729 1590 790 fre
1682 742 1842 788 entes

467 815 740 876 tollerent
769 837 789 890 ;
826 834 900 875 ne
983 834 1016 873 e
1054 813 1129 873 eb
1162 814 1347 872 minus
1379 810 1596 871 redeun
1641 830 1751 869 um
1786 808 1841 865 ixi

469 893 801 956 societatem
817 895 917 955 Ph·
948 896 1069 976 ippi
1086 939 1106 968 ,
1129 891 1605 974 abnuendamque
1621 890 1842 977 Roma'j

468 995 678 1037 norum
709 977 1013 1035 amicitiam
1032 1019 1051 1048 ,
1085 972 1398 1035 censerent.

262 1060 449 1156 Διῖιὶιι-
553 1055 749 1118 XVII.
781 1054 1047 1116 Leucade
1094 1055 1220 1116 haec
1273 1053 1401 1115 sunt
1444 1052 1674 1114 decreta
1712 1073 1728 1111 ε
1774 1044 1832 1109 id

244 1127 447 1202 :zamm-
468 1156 638 1217 caput
676 1135 1013 1199 Acarnaniae
1042 1153 1163 1196 erat
1182 1182 1205 1211 ,
1225 1139 1413 1216 e6que
1433 1137 1492 1194 in
1521 1132 1830 1195 concilium

244 1224 444 1266 '1⁹2¹‘W‘
465 1237 671 1277 omnes
693 1217 900 1299 populi
922 1215 1361 1278 conveniebant.
1383 1214 1583 1298 Itaque
1606 1259 1622 1288 ,
1648 1218 1824 1297 quum'

461 1295 584 1355 haec
628 1301 924 1377 repentina
955 1300 1200 1359 mutatio
1230 1294 1558 1377 Corcyram
1584 1296 1652 1356 ad
1676 1297 1824 1375 legae

459 1392 585 1437 tum
596 1376 978 1438 Flamininum
993 1377 1207 1460 perlata
1219 1374 1376 1451 estet,
1390 1377 1677 1459 externplo
1694 1392 1818 1436 cum

457 1455 624 1517 claffe
673 1456 958 1537 profecius
994 1504 1015 1533 ,
1064 1458 1330 1519 Leucade
1381 1458 1457 1518 ad
1507 1456 1773 1518 Heraeum
1794 1496 1814 1525 ‚

461 1537 624 1621 quod
664 1552 878 1599 vocant
895 1583 915 1612 ,
950 1552 1130 1600 naves
1164 1538 1457 1622 applicuit.
1508 1536 1646 1599 Inde
1687 1553 1816 1598 cum

460 1621 626 1682 omni
676 1639 887 1703 genere.
929 1636 1352 1681 tormentorum
1405 1620 1812 1681 machinarum-

462 1721 578 1784 que
599 1745 619 1776 ,
650 1701 853 1784 quibus
885 1718 1284 1784 expugnantur
1318 1700 1493 1764 urbes
1516 1746 1537 1778 ‚
1578 1700 1650 1760 ad
1693 1716 1812 1758 mu»

461 1802 560 1843 ros
594 1781 817 1844 acceffit
843 1830 864 1859 ‚
884 1783 960 1843 ad
981 1786 1234 1865 primum
1266 1796 1552 1843 terrorem
1570 1797 1708 1842 ratus
1732 1782 1807 1839 in-

459 1863 657 1922 clinari
687 1866 908 1924 animos
937 1863 1114 1942 poss'e.
1143 1860 1450 1946 Postquam
1520 1864 1656 1923 acati
1676 1854 1805 1925 nihil.

460 1939 868 2003 ostendebatur
897 1965 916 2017 ;
949 1963 1072 2004 tum
1091 1946 1290 2005 vineas
1321 1962 1475 2005 turre
1500 1964 1607 2026 que
1638 1940 1805 2025 erige-¹⁸

458 2040 520 2080 re
546 2065 566 2094 ‚
619 2020 683 2082 &
730 2025 968 2083 arietem
1021 2024 1337 2086 admovere
1391 2029 1567 2086 muris
1621 2024 1800 2104 coepit.

456 2099 779 2163 Acarnania
811 2103 1111 2179 universa,
1152 2107 1299 2165 inter
1330 2105 1610 2166 AEtoiiam
1644 2120 1799 2184 atque

458 2181 701 2265 Epirum
730 2183 912 2266 pofita
936 2230 955 2259 ‚
981 2183 1164 2247 solem
1187 2186 1555 2248 occidentem
1579 2188 1642 2248 &
1657 2201 1797 2243 mare

244 2269 436 2313 leucada.
459 2262 716 2325 Siculum
756 2263 980 2347 speciat.
1016 2266 1306 2329 Leucadia
1339 2289 1489 2328 nunc
1520 2264 1722 2338 insula,
1743 2264 1799 2330 ὅ(

229 2319 344 2368 '⁵⁸⁸⁴'
459 2344 680 2407 vadoso
714 2345 863 2408 freto
888 2391 907 2420 ,
948 2349 1108 2428 quod
1138 2346 1444 2431 perfoffum
1477 2369 1648 2408 manu
1688 2342 1758 2406 est
1778 2386 1801 2418 ,

455 2424 528 2484 ab
557 2424 878 2488 Acarnania
921 2427 1135 2503 divisa,
1174 2446 1299 2489 turn
1336 2426 1633 2512 peninsula
1660 2441 1801 2499 erat,

452 2502 796 2567 Occidentis
810 2528 871 2569 re
912 2511 1046 2571 ione
1067 2508 1228 2570 arffls
1248 2508 1503 2572 faucibus
1524 2511 1798 2572 cohaerens

450 2583 813 2648 Acarnaniae.
918 2591 1220 2672 uin'gentos
1260 2589 1440 2651 ferme
1475 2588 1658 2674 passus
1686 2591 1800 2655 lon·.

452 2685 541 2752 gae
576 2665 766 2726 fauces
801 2685 1014 2743 erantj
1063 2671 1187 2731 latae'
1221 2670 1375 2731 haud-
1406 2672 1653 2755 amplius
1682 2690 1802 2751 cens

450 2762 576 2805 tum
607 2748 671 2808 δι
702 2748 936 2830 viginti:
966 2750 1026 2808 in
1050 2750 1139 2810 his
1181 2749 1445 2835 angustiis
1466 2751 1682 2814 Leucas
1704 2771 1805 2834 pot

452 2823 554 2887 fita
579 2824 660 2888 est
683 2874 702 2901 ‚
732 2828 869 2889 colli
907 2848 978 2912 ap
1022 2829 1190 2891 licata
1220 2831 1389 2894 verso
1429 2835 1487 2894 in
1516 2829 1805 2922 Orienten}

454 2907 521 2974 ἃ.
549 2906 947 2977 Acarnaniam.
965 2852 1102 2976 ⁴{ma
1141 2914 1300 2978 urbis
1334 2915 1505 2997 plana
1540 2910 1698 2991 sunt,
1724 2909 1802 2994 ‘iai

1944 1364 1965 1659 „us-*⁴212*—
1934 200 1966 1331 mua-*affl*-
1946 100 1949 115 r
1946 34 1947 75 ψ
