2017 3609
327 241 690 314 LIBER
786 242 1169 323 XXXV.
1294 271 1418 345 313

99 364 172 416 ret
195 401 212 432 ,
241 340 515 440 proficisci
545 358 722 422 ambo
748 362 807 421 in
835 346 1163 444 provincias
1196 362 1426 446 placuit.
1448 381 1646 427 ιιι-νεα·

102 433 364 502 Domitius
389 441 460 501 ab
477 440 780 515 Arimino,
807 442 918 523 qua
935 446 1264 523 proximum
1289 446 1428 521 fuit,
1451 447 1659 540 ⁰⁹5⁴}ss

104 512 344 595 Quintius
375 543 483 604 per
510 521 748 612 Ligures
781 524 841 581 in
866 518 1046 584 Boios
1078 528 1257 586 venit.
1284 526 1428 587 Duo
1450 512 1486 541 ἰ’
1543 509 1611 557 ‘¹⁹'

106 598 366 661 consulum
401 623 432 662 a
475 604 634 662 mina
670 601 892 664 diversa
924 603 1036 665 late
1071 624 1268 686 agrum
1302 604 1431 667 hos-

106 678 224 738 tium
263 703 439 762 perva
492 699 700 743 arunt:
743 683 931 765 primi)
971 686 1192 766 equites
1231 705 1434 745 eorum

107 762 246 837 pauci
273 782 400 822 cum
432 763 756 847 praefeetis‘,
777 762 984 825 deinde
1025 763 1320 826 universus
1350 764 1438 824 se-

109 855 277 916 natus,
308 842 604 924 postremi)
636 847 693 904 in
729 845 933 927 quibus
957 863 1052 905 aut
1078 845 1309 906 fortuna
1333 846 1439 905 ali-

112 926 230 999 qua,
261 940 351 984 aut
381 925 629 1008 dignitas
659 942 777 987 erat
795 968 814 998 ,
857 926 928 986 ad
960 928 1122 988 mille
1143 926 1441 1010 quingenti

109 997 168 1056 ad
197 1002 444 1065 consules
490 1004 932 1088 transfugerunt.
968 1005 1042 1066 Et
1093 1010 1154 1066 in
1199 1025 1439 1089 utraque
1477 1029 1672 1093 Regma

110 1075 202 1137 His
229 1086 343 1153 ania
377 1105 451 1146 eo
482 1107 636 1146 anno
665 1105 754 1147 res
775 1085 917 1166 pros
951 1088 1046 1145 ere
1069 1086 1239 1168 gestae
1263 1108 1277 1146 ε
1305 1109 1441 1147 nam
1459 1095 1623 1138 μω*

109 1156 163 1218 &
232 1162 563 1226 flaminius
595 1167 881 1247 oppidum
946 1165 1226 1242 imbrum,
1254 1172 1464 1229 muniz

107 1252 207 1299 tum
253 1245 599 1341 opulentum
644 1267 714 1305 ue
745 1290 765 1320 ,
802 1248 989 1306 vineis
1039 1252 1389 1332 expugnavit
1422 1295 1446 1325 ,

110 1318 421 1386 &nobxlem
463 1348 524 1387 re
578 1347 735 1387 uum
775 1322 1203 1390 Corribilonem
1242 1332 1447 1392 vivum

91 1404 274 1482 ’cepit3
308 1406 368 1468 &
398 1406 487 1468 Μ.
567 1404 755 1477 ulvius
790 1408 1095 1489 proconsul
1134 1432 1267 1471 cum
1299 1411 1447 1474 duo·
1483 1490 1486 1493 Ι

115 1478 202 1538 bus
230 1488 562 1549 exercitibus
599 1485 848 1547 hostium
871 1489 986 1549 duo
1022 1488 1266 1551 secunda
1335 1512 1449 1550 roe·-

117 1556 176 1635 lia
190 1559 343 1627 fecit:
381 1569 612 1651 oppida
633 1567 750 1629 duo
783 1566 1169 1648 Hispanorum
1193 1615 1213 1643 ‚
1240 1514 1451 1629 vgsce-

117 1628 229 1701 llam
260 1645 675 1729 Helonemque
701 1692 720 1719 ‚
756 1649 820 1708 &
865 1648 1090 1707 castella
1134 1649 1314 1707 multa
1352 1669 1453 1708 ex-

120 1730 354 1804 pugnavit
383 1750 403 1804 3
429 1731 540 1789 alia
591 1728 892 1787 voluntate
924 1727 997 1785 ad
1035 1748 1168 1786 eum
1223 1726 1455 1787 defece-

120 1818 227 1862 runt
254 1827 268 1866 ε
298 1822 418 1868 tum
448 1814 509 1869 in
544 1806 839 1868 Oretanos
875 1805 1194 1886 progressus
1222 1852 1242 1881 ‚
1279 1808 1343 1868 &
1369 1808 1453 1868 ibi

124 1870 315 1946 duobus
335 1893 554 1970 potitus
583 1886 814 1968 oppidis
832 1931 851 1961 ,
887 1886 947 1946 N
950 1887 1104 1947 oliba
1126 1889 1191 1948 &
1213 1885 1409 1950 Cufibi
1429 1933 1452 1964 ‚

121 1960 180 2019 a'd
203 1962 415 2051 Tagum
450 1988 686 2031 amnem
724 1970 829 2037 ire,
877 1970 1037 2050 ergit.
1064 1966 1344 2032 Toletum
1369 1971 1455 2031 ibi

120 2061 268 2118 parva
301 2050 433 2110 urbs
469 2066 633 2122 erat,
684 2047 785 2109 sed
834 1990 970 2109 foco
1013 2051 1284 2110 munito:
1325 2069 1457 2109 eam

123 2140 268 2200 quum
284 2144 646 2214 oppugnaret
659 2173 679 2199 ,
695 2127 1026 2193 Vefionum
1039 2150 1276 2211 magnus
1299 2149 1458 2188 exer-

125 2203 244 2265 citus
273 2204 579 2271 Toletanis
606 2207 851 2268 subsidio
885 2211 1069 2269 venit.
1094 2206 1250 2269 Cum
1274 2208 1357 2267 his
1388 2206 1459 2266 fi-

126 2286 226 2420 }pis
254 2290 471 2351 collatis
502 2287 772 2372 prospere
808 2290 1084 2370 pugnavit
1116 2310 1135 2362 3
1172 2289 1237 2349 &
1261 2331 1281 2358 ‚
1322 2285 1460 2348 fufis

175 2365 452 2431 estonibus
474 2414 494 2443 ‚
526 2368 796 2449 operibus
828 2366 1112 2428 Toletum
1140 2370 1311 2448 cepit.

168 2444 402 2522 XXIII.
436 2449 720 2511 Ceterum
751 2468 825 2508 eo
864 2464 1127 2527 tempore
1166 2448 1352 2507 minus
1392 2468 1463 2510 ea

125 2520 256 2586 bella
268 2573 287 2600 ‚
304 2552 431 2612 quae
453 2529 793 2614 gerebantur
804 2573 825 2604 ‚
840 2549 988 2589 curae
1007 2526 1256 2601 Patribus
1272 2545 1429 2589 erant
1441 2572 1464 2603 ‚

126 2605 277 2696 quam
316 2610 660 2689 exspestatio
697 2609 957 2670 nondum
988 2610 1164 2690 coepti
1195 2630 1326 2669 cum
1345 2607 1465 2669 An-

126 2689 307 2748 trocho
342 2690 483 2749 belli
515 2715 529 2752 z
569 2712 701 2751 nam
740 2689 839 2751 etfi
869 2710 973 2772 per
1004 2691 1222 2773 legatos
1263 2689 1471 2750 identi-

126 2762 244 2828 tsem
291 2771 491 2828 omnia
532 2772 1008 2851 explorabantur,
1049 2787 1241 2830 tamen
1277 2790 1471 2829 rumo-

123 2846 229 2916 res,
245 2862 468 2909 temere
491 2846 607 2911 fine
626 2849 753 2915 ullis
781 2849 1101 2914 melotibus
1120 2851 1236 2912 orti
1251 2892 1270 2922 ‚
1290 2848 1471 2910 multa

193 2930 386 2991 Tomus
430 2933 501 2995 V.
646 2932 650 2937 ’
1168 2925 1237 3000 ,0.
