2017 3609
351 175 731 243 Ltnssn
829 173 1249 243 XXXII.
1358 192 1487 268 103

151 290 268 360 ‘tes‚
301 289 717 370 obtorpuerant
767 288 1208 372 quodammodo
1268 287 1490 364 animi,
1513 298 1713 347 aa·

146 366 247 427 xeos
267 372 544 431 orationes
578 391 696 452 quo
739 390 811 430 ue
833 369 1060 452 insuper
1087 370 1490 446 turbaverant,
1512 367 1716 460 9·ὃῇῖῖ

167 450 397 534 utrimque
417 496 438 525 ,
467 472 598 534 quae
634 391 888 512 difficilia
921 450 1130 524 essent,
1161 452 1488 534 promendo
1539 445 1550 458 ⁸
1603 443 1615 458 ’
1645 430 1668 466 ⁹

163 527 611 614 admonendoque
633 577 653 605 ‚
687 553 791 615 per
828 549 1016 593 totum
1060 533 1220 593 diem
1259 532 1486 595 habitae.

161 605 383 674 Tandem
409 611 729 675 Aristaenus
762 631 969 694 praetor
1000 612 1387 688 Achaeorum,
1410 635 1484 695 ne
1549 638 1710 692 Arista-

153 694 354 754 tacitum
371 694 690 755 concilium
709 694 1025 756 dimitteret
1051 716 1065 754 t
1099 696 1249 766 Ubi,
1271 695 1456 776 inquit
1469 737 1488 768 ‚
1511 700 1579 774 '2²22’
1604 703 1709 777 {53¹⁹

155 771 238 833 illa
255 779 540 836 certamina
559 777 856 835 animorum
871 821 892 848 ,
920 778 1122 837 Achai
1142 821 1162 851 ,
1175 776 1342 856 sunt,
1367 778 1489 855 qui·
1514 786 1688 825 hortatur

154 853 234 912 bus
265 858 318 916 in
358 858 636 917 conviviis
673 857 729 916 6⁹
768 858 985 918 circulis
1003 901 1023 931 ,
1056 879 1218 939 quum
1248 858 1314 915 de
1347 857 1493 918 Plu:
1515 845 1713 922 :ffassm‘

154 932 276 1074 lt'ffo
312 939 368 998 6·
401 939 680 998 Romanis
718 941 912 999 mentio
942 939 1140 999 incidit
1159 983 1179 1015 ,
1226 939 1329 998 vix
1371 944 1494 999 mai
1517 930 1705 1025 {aff-'‘³¹''

154 1017 200 1073 η’
229 1038 288 1076 us
319 1020 691 1101 temperabatis
717 1021 751 1079 ?
787 1022 958 1082 Nunc
995 1023 1055 1080 in
1094 1020 1326 1080 concilio
1350 1062 1371 1092 ‚
1417 1020 1498 1079 ad

158 1117 252 1156 eam
267 1121 361 1159 rem
380 1122 546 1160 unam
569 1102 765 1160 indic-lo
784 1147 805 1177 ‚
823 1123 987 1180 quum
1003 1101 1293 1181 legatorum
1312 1102 1497 1160 utrim-

160 1180 242 1259 q'ue
270 1183 423 1241 verba
457 1182 739 1241 audieritis
757 1227 779 1254 ,
821 1203 986 1261 quum
1038 1178 1264 1261 referant
1297 1178 1496 1264 magifi-

162 1274 343 1333 tratus,
376 1284 536 1342 quum
577 1283 757 1341 praeco
798 1264 877 1321 ad
908 1259 1249 1342 suadendum
1293 1280 1449 1321 vocet
1464 1307 1495 1336 ,

169 1340 476 1424 obmutuistis.
518 1345 587 1403 Si
612 1365 725 1402 non
756 1363 884 1403 cura
920 1346 1217 1404 communis
1242 1340 1449 1422 salutis
1473 1388 1494 1418 ,

166 1424 386 1502 nestudia
407 1426 618 1505 quidem
637 1467 660 1494 ‚
682 1446 797 1504 quae
824 1425 882 1484 in
902 1426 1044 1485 hanc
1070 1443 1168 1484 aut
1194 1425 1351 1484 illam
1362 1445 1496 1506 par-

172 1512 257 1561 tem
280 1507 476 1564 animos
513 1507 713 1586 vestros
752 1506 1085 1566 inclinarunt
1105 1550 1129 1578 ,
1159 1526 1342 1564 vocem
1376 1507 1498 1563 cui-

170 1587 305 1665 'quam
317 1583 527 1666 poffitnt
544 1588 823 1668 exprimere
848 1589 882 1649 ,Ρ
911 1609 1073 1667 quum
1098 1584 1386 1667 praesertim
1403 1606 1501 1644 ne·

171 1680 243 1722 mo
283 1668 405 1725 tam¹
425 1669 578 1727 hebes
603 1668 681 1747 fit
697 1711 720 1739 ,
764 1669 858 1748 qui
895 1670 1136 1750 ignorare
1176 1665 1338 1746 poffit
1360 1707 1381 1734 ,
1421 1666 1503 1722 di·
1680 1684 1705 1699 <¹

174 1747 301 1805 cendi
329 1768 392 1806 ac
403 1746 672 1826 suadendi
690 1791 710 1820 ‚
748 1749 899 1828 quod
924 1745 1143 1829 quisque
1179 1761 1281 1804 aut
1320 1743 1458 1804 velit
1475 1789 1500 1818 ,

174 1843 255 1884 aut
284 1830 520 1907 optimum
559 1845 749 1909 putet,
782 1849 930 1889 nunc
979 1827 1301 1907 occasionem
1354 1849 1380 1885 e
1423 1849 1450 1884 e
1477 1869 1500 1897 ,

169 1907 437 1986 priufiluam
466 1912 759 1990 quidquam
792 1912 1136 1970 decernamus
1166 1931 1194 1983 ‚·
1229 1907 1326 1967 ubi
1376 1907 1509 1967 emel

181 1988 402 2049 decretum
427 1993 550 2063 erit,
584 1992 832 2051 omnibus
855 1992 920 2050 id
932 2037 954 2064 ,
975 1993 1138 2051 etiam
1157 1990 1355 2069 quibus
1377 1989 1503 2047 ante

185 2064 496 2146 displicuerit,
561 2093 618 2132 ro
649 2072 789 2131 bono
824 2090 985 2152 atque
1024 2070 1151 2131 utili
1168 2067 1367 2148 foedere
1399 2070 1504 2125 de-

169 2145 469 2227 findendum.
575 2175 658 2213 aec
708 2152 1033 2212 adhortatio
1083 2150 1341 2231 praetoris
1386 2166 1507 2205 non
1536 2160 1702 2212 Frustra.

184 2229 342 2289 modo
369 2252 703 2317 quemquam
732 2250 913 2292 unum
937 2231 1132 2293 elicuit
1167 2229 1239 2289 ad
1269 2226 1510 2287 suaden-

187 2308 306 2385 dum
335 2331 353 2385 3
387 2312 477 2374 sed
508 2335 581 2379 ne
615 2312 912 2373 fremitum
952 2311 1192 2396 quidem
1221 2326 1315 2370 aut
1351 2329 1511 2393 mur·-

187 2408 295 2450 mur
325 2397 600 2457 concionis
632 2411 843 2466 tantae,
880 2413 953 2453 ex
984 2409 1077 2453 tot
1103 2391 1336 2474 populis
1369 2411 1511 2451 con·

191 2490 271 2554 gre
304 2488 397 2539 atae
420 2521 437 2550 ,
473 2477 680 2538 movit.

358 2553 396 2615 Ι.
438 2555 597 2618 Tum
636 2551 950 2617 Aristaenus
998 2569 1214 2636 praetor
1270 2549 1454 2612 rursus
1488 2570 1507 2613 t
1581 2564 1721 2629 tfergtz

201 2632 306 2693 Non
319 2641 472 2718 magis
493 2639 769 2716 confilium
783 2638 941 2697 vobis
952 2682 974 2709 ,
989 2636 1264 2716 principes
1283 2635 1514 2696 Achaeo·
1537 2617 1702 2710 ffa'ssff‘?

200 2720 496 2800 mm,deest‚
533 2719 697 2800 quam
738 2719 931 2802 lingua
959 2739 984 2790 ,·
1019 2715 1125 2798 fid
1148 2714 1252 2794 fito
1296 2711 1518 2794 quifiyue

181 2794 461 2881 periculosa
487 2821 759 2865 commune
776 2799 1075 2884 consultum
1094 2819 1207 2858 non
1221 2796 1361 2858 vult.
1379 2798 1523 2883 Fotss

1127 2876 1282 2941 Eiv
