2017 3609
297 176 414 285 ιί
442 229 498 286 Β
531 232 588 287 z
619 234 673 286 ιι
723 242 731 250 -
770 211 1250 293 XXXIII.
1324 246 1449 315 141

75 370 76 375 1
131 323 355 390 debatur.
372 329 665 392 Romanis
683 330 865 394 ferme
887 356 988 418 par
1016 358 1284 399 numerus
1307 358 1426 401 erat
1441 362 1456 377 ·
1480 368 1681 403 ===

136 407 348 486 equitum
366 414 562 494 copiis
591 415 807 474 tantum
827 461 846 492 ,
877 418 1033 499 quod
1064 419 1246 481 AEtoli
1280 441 1414 485 acce
1442 426 1685 528 fbf-{32

131 481 313 561 serant,
340 489 710 573 superabant.
1504 501 1517 518 ⁹
1564 499 1577 516 ⁶

196 564 257 626 V.
277 569 560 648 Quintius
598 574 670 633 ad
703 571 937 637 Thebas
966 576 1320 641 Phthioticas
1344 579 1462 642 cas·

125 658 195 703 tra
217 668 380 728 quum
424 652 704 715 movisset
726 700 746 729 ‚
787 654 947 735 spem
992 658 1186 720 melus
1216 681 1322 742 per
1355 660 1466 723 Ti-

127 742 327 787 monem
363 733 696 815 principem
733 737 975 797 civitatis
1019 740 1185 819 prodi
1214 741 1420 803 urbem
1442 786 1465 816 ,

127 824 233 865 enm
256 813 452 888 paucis
486 833 522 874 e
570 816 752 874 uitum
784 815 1036 900 levisque
1068 838 1368 880 armaturae
1393 824 1468 884 ad

124 902 290 947 muros
317 889 491 952 succe
567 910 606 954 t.
629 892 716 954 Ibi
740 896 886 956 adeo
906 896 1166 959 frustrata
1185 900 1311 982 spes
1338 901 1421 963 est
1440 947 1463 977 ‚

126 978 178 1022 ut
206 987 314 1028 non
357 990 661 1033 certamen
708 976 891 1037 modo
939 999 1072 1038 cum
1117 1001 1277 1040 erum
1325 986 1472 1044 enti·-

126 1041 247 1118 bm,
272 1047 369 1110 sed
409 1054 744 1134 periculum
768 1078 999 1138 quoque
1031 1074 1193 1120 atrox
1216 1060 1275 1121 su
1317 1064 1467 1139 iret3

128 1124 365 1190 nicastris
395 1136 579 1195 exciti
619 1137 870 1217 repente·
888 1138 1111 1217 pedites
1136 1143 1468 1226 equitesque

130 1201 455 1291 intempore
488 1213 895 1277 subvenissent.
932 1216 1006 1277 Et
1044 1218 1344 1303 postquam
1379 1228 1468 1285 ni·-

133 1280 200 1341 hil
230 1308 521 1373 conceptae
559 1312 779 1370 temere
815 1295 935 1378 spei
965 1297 1337 1378 succedebat,
1381 1326 1471 1365 ur-

137 1359 220 1421 his*
237 1371 463 1448 quidem
499 1377 762 1456 amplius,
776 1379 1059 1438 tentandae
1083 1382 1141 1439 in
1177 1384 1472 1463 praesentia

137 1461 315 1534 conatu
349 1452 567 1516 abfistit
597 1477 619 1530 3
660 1473 912 1517 ceterum
946 1458 1077 1536 satis
1110 1482 1316 1543 gnarus
1349 1464 1471 1543 jam

142 1541 190 1579 m
215 1523 485 1595 Thessalia
536 1555 737 1619 regem
788 1536 897 1599 effe
927 1584 948 1615 ,
996 1543 1256 1602 nondum
1310 1565 1473 1604 com-

144 1621 314 1683 perto,
334 1635 507 1694 quam
547 1619 610 1676 in
646 1618 944 1699 regionem
972 1621 1211 1681 venisset
1228 1666 1248 1698 ,
1268 1625 1479 1684 milites

149 1700 233 1760 Per
267 1709 424 1771 agros
467 1694 728 1757 dimissos
769 1699 986 1760 vallum
1029 1702 1237 1762 cedere
1278 1704 1341 1764 &
1375 1725 1482 1785 pa·-

151 1779 249 1823 ΜΕ
277 1765 446 1844 jubet.
479 1776 662 1838 Vallo
705 1779 769 1839 &
801 1777 1156 1841 Macedones
1190 1783 1254 1843 &
1285 1781 1476 1845 Graeci
1531 1811 1688 1854 ranan

238 1845 385 1928 sunt,
407 1855 516 1917 sed
550 1856 712 1919 nsum
747 1879 856 1918 nec
896 1859 971 1918 ad
1006 1863 1477 1927 commoditatem
1491 1861 1685 1952 ,ἵζων

155 1917 338 1990 ἕθῐειιάἰ
361 1977 380 2006 ,
423 1959 542 1998 nec
585 1938 657 1996 ad
698 1937 869 2019 ipsius
911 1943 1240 2004 munitionis
1282 1944 1478 2006 firma-

152 2020 374 2072 mentum
412 2034 777 2099 aptaverunt.
824 2018 981 2080 Nam
1024 2023 1088 2083 &
1125 2022 1372 2103 majores
1412 2028 1478 2088 &

157 2090 307 2166 magis
346 2097 596 2160 ramosas
644 2099 876 2158 arbores
922 2100 1218 2162 caedebant
1242 2148 1260 2175 ‚
1304 2105 1478 2185 quam

159 2180 270 2239 quas
312 2171 456 2237 ferre
513 2197 646 2237 cum
697 2181 867 2243 armis
919 2179 1085 2238 miles
1131 2182 1313 2260 poss'et
1350 2206 1370 2257 ;
1413 2186 1479 2247 &

159 2258 306 2375 guum
346 2257 524 2318 castra
566 2259 653 2316 his
697 2258 829 2317 ante
875 2256 1110 2335 objeffis
1154 2259 1477 2342 sepfiss‘ent3

178 2326 305 2388 acilis
340 2339 569 2397 molitio
607 2358 810 2397 eorum
833 2339 990 2400 .'valli
1029 2355 1185 2399 erat:
1230 2363 1367 2404 nam
1409 2347 1476 2408 &

161 2406 267 2478 quia
293 2418 393 2475 rari
425 2417 646 2499 stipites
679 2436 1016 2498 magnarum
1043 2420 1310 2482 arborum
1340 2429 1482 2486 emi-

162 2483 372 2567 nebant,
405 2499 686 2579 multique
736 2498 802 2557 δι
852 2498 1026 2557 validi
1075 2502 1216 2559 rami
1255 2506 1478 2583 praebe-

162 2557 307 2642 bant,
332 2580 492 2656 quod
529 2577 677 2647 reete
720 2596 889 2637 manu
938 2597 1267 2659 caperetur,
1311 2584 1428 2646 duo
1454 2589 1505 2662 ‚'

169 2659 247 2702 ³¹¹1
269 2649 538 2717 summum
559 2674 675 2716 tres
697 2656 936 2736 juvenes
963 2663 1188 2720 connixi
1207 2663 1473 2726 arborem

166 2737 306 2788 unam
323 2737 648 2799 evellebant
670 2759 688 2812 ;
712 2738 825 2820 qua
849 2740 1049 2800 evulsa
1065 2785 1085 2815 ‚
1107 2759 1287 2822 portae
1306 2743 1477 2806 instar

75 2850 78 2883 ἵν
162 2817 426 2896 extemplo
452 2818 683 2900 patebat
700 2860 721 2893 ,
764 2838 871 2882 nec
908 2821 969 2882 in
1012 2839 1285 2903 promptu
1319 2841 1437 2885 erat
1452 2832 1501 2899 ‚'
