2017 3609
427 255 519 333 34
816 225 1518 313 T.L1711'

205 363 402 414 i‘====
427 354 545 414 bris
564 397 583 427 ‚
605 354 670 417 &
694 352 926 416 fremitu
945 355 1249 418 hominum
1266 373 1351 418 tre
1394 354 1674 417 idantium
1694 350 1822 438 (αξ

204 431 393 532 Uet-552
430 438 490 495 in
521 435 619 499 tali
643 437 892 498 tumultu
913 436 1237 520 )-exaudito
1265 482 1283 514 ,
1322 380 1574 498 {iistinuit
1598 433 1764 517 signa
1783 452 1816 509 ς

204 498 247 530 ⁸'
291 514 303 531 '
319 499 412 532 ’ω’
431 518 496 578 &
525 516 820 578 confidere
855 541 923 579 ac
943 519 1351 602 conquiescere
1372 538 1580 603 agmen
1601 514 1762 596 juffit
1784 555 1820 586 ‚

424 599 490 659 'vi
531 599 730 680 aperta
780 601 1082 682 propalam
1131 601 1327 661 usurus
1348 644 1369 673 ‚
1414 598 1649 681 quando
1741 617 1811 655 a·

422 698 558 739 rum
592 679 759 740 dolus
791 680 1105 762 profuerat.
1145 683 1245 742 Ab
1273 679 1503 762 Dipylo
1535 698 1671 739 acce
1744 693 1814 736 t:

425 775 600 852 porta
630 781 696 821 ea
725 806 744 835 ‚
778 762 944 823 velut
981 765 1177 823 inore
1211 762 1367 824 urbis
1449 758 1632 832 esua,
1672 778 1822 818 ma·-

426 862 523 923 Jor
559 843 848 924 aliquanto
872 845 1309 927 patentiorque,
1337 784 1509 928 qugrn
1537 858 1750 900 ceterae
1784 881 1815 911 ,

429 920 516 986 est
551 944 570 996 ;
608 924 673 985 &
705 926 850 983 intra
875 943 1007 983 eam
1043 940 1316 1005 extraque
1342 925 1468 983 latae
1500 920 1626 982 sunt
1642 922 1763 980 viae
1787 959 1824 990 ‚

429 1018 495 1062 ut
528 1003 594 1064 &
631 1004 908 1086 oppidani
948 1005 1198 1087 dirigere
1246 1006 1429 1065 aciem
1466 1025 1499 1062 a
1550 1001 1683 1063 foro
1726 1000 1816 1062 ad

430 1099 662 1164 portam
777 1083 970 1160 ffent3
1006 1086 1072 1147 &
1107 1101 1268 1146 extra
1302 1085 1470 1144 limes
1500 1083 1662 1144 mille
1693 1079 1821 1143 fer·

432 1183 531 1223 me
570 1186 642 1246 pa
728 1188 753 1225 s
780 1211 799 1240 ,
831 1167 891 1226 in
932 1166 1267 1230 Academiae
1303 1163 1668 1249 gymnasium
1712 1163 1819 1224 fe·-

430 1251 605 1321 rensg
634 1247 816 1327 pediti
837 1250 1126 1331 equitique
1144 1245 1395 1310 hostium
1412 1246 1660 1308 liberum
1681 1243 1818 1325 spa-

384 1395 387 1398 ,
433 1326 579 1386 tium
613 1328 914 1407 praeberet.
943 1328 1032 1390 Eo
1057 1330 1240 1389 limite
1260 1325 1639 1389 Athenienses
1664 1345 1812 1388 cum

434 1405 617 1466 Attali
647 1407 911 1489 praefidio
947 1411 1009 1471 &
1048 1410 1289 1469 cohorte
1326 1408 1653 1489 Dioxippi,
1677 1409 1818 1468 acie

434 1488 583 1546 intra
635 1506 862 1570 portam
917 1488 1184 1550 instrufia
1203 1535 1222 1565 ,
1255 1488 1412 1572 figna
1459 1487 1815 1551 extulerunt.

437 1564 638 1645 Quod'
667 1569 767 1628 ubi
800 1569 1093 1654 Philippus
1124 1571 1310 1645 vidit,
1346 1570 1558 1632 habere
1579 1568 1649 1629 &se
1672 1568 1814 1630 hos-

435 1661 525 1708 tes
555 1650 615 1709 in
628 1649 931 1731 potestate
966 1668 1115 1711 ratus
1134 1696 1155 1724 ,
1188 1653 1254 1714 &
1285 1651 1383 1711 diu
1419 1651 1615 1733 optat‘a
1643 1651 1818 1712 caede

433 1727 678 1870 {neque
710 1735 866 1792 enim
899 1733 1001 1793 ulli
1031 1730 1367 1795 Graecarum
1394 1735 1685 1793 civitatum
1722 1733 1817 1793 in·-

407 1845 420 1858 ·
463 1810 637 1872 estior
652 1812 799 1895 erat)
824 1815 1207 1896 expleturum,
1228 1815 1556 1876 cohortatus
1569 1815 1817 1890 milites,

436 1894 530 1951 Ut
545 1938 565 1966 ,
582 1891 647 1969 fi·
680 1896 946 1954 intuentes
962 1940 984 1965 ‚
1015 1911 1318 1977 pugnarent
1334 1942 1359 1968 ,
1382 1895 1682 1975 sitirentque
1726 1898 1818 1956 iba·

423 1974 587 2054 figna
601 2019 622 2045 ,
662 1976 742 2033 ibi
778 1976 950 2033 aciem
985 1972 1083 2051 effi
1114 1977 1292 2036 debere
1309 2020 1331 2048 ,
1372 1978 1465 2035 ubi
1507 1998 1601 2036 rex
1640 1974 1761 2056 fft
1782 2020 1810 2053 ,

439 2057 689 2122 concitat
726 2058 787 2113 in
838 2052 1034 2113 hostes
1097 2074 1310 2137 equum
1333 2101 1355 2131 ,
1394 2078 1512 2118 non
1553 2058 1637 2117 ira
1681 2073 1812 2118 tan-

231 2153 415 2193 Proezaum
441 2137 600 2209 tum,
622 2134 721 2195 sed
746 2136 917 2195 etiam
953 2135 1133 2220 gloria
1166 2137 1343 2200 elatus
1368 2161 1387 2214 ;
1410 2139 1568 2221 quod
1590 2140 1813 2221 ingenti

219 2217 417 2292 ἷξῖῗῖζὶξζ,
440 2216 608 2276 turba
637 2215 942 2296 completis
970 2220 1145 2278 etiam
1180 2219 1255 2279 ad
1282 2215 1658 2301 spessaculum
1681 2239 1812 2280 mu-

439 2298 555 2367 ris,
582 2294 735 2355 ‘cons
766 2299 839 2357 ici
868 2297 926 2357 se
965 2316 1318 2382 pugnantem
1363 2302 1655 2381 egregium
1698 2298 1814 2360 du-

439 2376 625 2438 cebat.
657 2375 715 2437 A
741 2378 1042 2474 iquantum
1082 2397 1212 2440 ante
1249 2381 1434 2439 aciem
1469 2399 1601 2439 cum
1641 2383 1814 2464 equi-

438 2458 594 2518 tibus
631 2480 826 2540 paucis
866 2460 1097 2523 evetius
1130 2463 1189 2520 in
1210 2459 1435 2520 medios
1471 2458 1697 2534 hostes,
1722 2462 1816 2523 in·-

440 2553 447 2560 ·
484 2556 678 2601 entem
711 2562 888 2623 quum
920 2540 1028 2602 suis
1052 2543 1318 2603 ardorem
1338 2582 1358 2614 ‚
1380 2556 1502 2598 tum
1524 2561 1815 2621 pavorem

488 2619 700 2683 ostibus
723 2669 743 2697 ,
782 2621 979 2703 injecit
1017 2643 1032 2680 ε
1073 2619 1349 2702 plurimos
1382 2640 1553 2679 manu
1588 2618 1683 2678 sua
1708 2642 1816 2682 co-

440 2704 633 2763 ‘minus
666 2702 998 2785 eminusque
1020 2700 1348 2763 vulneratos
1372 2697 1816 2785 compulsosque

439 2784 505 2843 in
540 2800 773 2864 portam
793 2828 813 2857 ‚
845 2781 1178 2843 consecutus
1210 2779 1416 2862 &ipse
1437 2827 1455 2857 ,
1480 2803 1658 2865 quum
1690 2804 1815 2845 ma-

442 2863 637 2945 'J'orem
685 2866 742 2925 in
791 2861 1066 2947 angustiis
1100 2862 1509 2948 trepidantium
1549 2863 1812 2929 edidisset
