2017 3609
99 460 114 473 .
1081 429 1505 509 quamprimum
1527 428 1722 498 εει-ἐ

97 462 258 543 ¹Ps0⁵
285 515 307 546 9
343 477 512 556 quid
557 483 778 547 vellent
806 486 972 569 juffit.
994 501 1271 567 Praetorem
1300 512 1508 574 decreta
1529 518 1725 611 Qec-2⁶2:

99 564 283 608 eorum
317 574 462 614 cnm
485 561 604 636 fide
640 566 694 624 6·
726 573 858 631 curci
887 576 1246 654 exficuturum
1281 611 1307 660 ;
1343 598 1506 654 anni·
1523 581 1560 608 ²⁶
1616 596 1626 610 ⁹
1657 581 1679 620 ⁹

96 642 428 712 xummque
450 681 478 706 2
506 660 569 700 ut
582 689 606 715 ,
641 669 902 725 quantum
935 659 992 717 ia
1019 666 1234 741 consilio
1267 670 1501 735 humano

91 708 333 783 pqfitum
375 715 517 795 effit
537 766 559 792 ,
593 748 690 785 nec
717 736 881 809 pacis
923 760 1014 797 eos
1046 749 1319 822 poeniteret
1338 796 1360 821 ,
1405 768 1501 814 nec

102 783 252 848 belli.
298 792 459 855 Plus
493 821 561 860 ea
597 813 782 870 oratio
827 826 1106 882 momenti
1149 826 1220 886 ab
1260 830 1501 892 incitan-

102 862 209 926 dos
231 868 322 932 ad'
342 874 585 942 bellum
623 886 816 951 habuit
835 940 855 968 ‚
885 897 1056 979 quam
1091 902 1133 963 fi
1157 912 1353 987 aperte
1376 908 1496 989 sua-

101 942 302 1013 dendo
325 961 719 1038 cupiditatem
753 994 843 1033 res
877 983 1113 1060 gerendi
1145 986 1496 1055 ostendiffet.

100 1020 304 1110 Itaque
337 1038 579 1119 ingenti
621 1051 889 1115 consensu
926 1060 1148 1124 bellum·
1194 1069 1493 1134 decretum

100 1104 180 1166 est
211 1133 227 1170 :
265 1128 525 1200 tempus
554 1126 617 1187 &
644 1136 785 1191 ratio
814 1137 1237 1206 administrandi
1281 1149 1403 1228 ejus
1425 1152 1493 1213 li-

101 1183 237 1249 bera
271 1205 529 1274 praetori
563 1211 826 1285 permiss'a
854 1216 995 1280 sunt.
1042 1222 1439 1309 Philopoemen
1463 1279 1488 1310 ‚

102 1285 504 1359 praeterquam
541 1289 700 1366 quod
735 1294 812 1351 ita
832 1294 1080 1375 Quintio
1100 1305 1387 1387 placeret,
1415 1315 1484 1377 δι
1573 1378 1604 1389 ,,

104 1345 217 1425 ipse
241 1357 624 1425 existimabat
644 1369 869 1435 claffem
892 1378 1212 1447 Romanam
1250 1390 1484 1475 exspec-
1657 1444 1666 1455 ·

108 1432 378 1510 tandm-n,
412 1463 549 1523 quae
592 1468 625 1506 a
657 1454 798 1512 mari
831 1454 1119 1538 Gythium
1160 1474 1305 1530 tueri
1345 1475 1484 1554 pos-

104 1502 182 1567 set
219 1534 239 1586 ς,
278 1515 388 1578 sed
422 1541 729 1602 memma,
766 1556 837 1595 ne
880 1540 1212 1605 dilationem
1241 1569 1329 1608 res
1362 1572 1483 1615 non

111 1605 451 1674 pateretur,
487 1605 552 1664 ὃ(
601 1631 718 1671 non
766 1614 1059 1695 Gythium
1106 1625 1289 1685 solum
1318 1675 1337 1703 ,
1381 1630 1481 1693 se'd

110 1672 442 1803 Eraefidium
477 1706 710 1770 quoque
734 1696 973 1763 missum
990 1702 1064 1760 ad
1093 1707 1366 1768 tuendam
1390 1732 1484 1770 ur·-

153 1768 242 1812 em
278 1764 681 1844 amitteretur,
744 1794 921 1835 naves
968 1778 1322 1849 Achaeorum
1374 1790 1481 1850 de·
1560 1807 1567 1813 '

116 1826 284 1896 duxit.

186 1910 416 1983 XXVI.
448 1919 907 2010 Comparaverat
937 1940 1002 2001 &
1037 1957 1315 2024 tyrannus
1344 1968 1477 2019 mo-

117 1987 293 2057 ditam
327 2002 559 2066 claffem
596 2010 667 2070 ad
698 2015 1056 2094 prohibenda
1077 2069 1108 2098 ‚.
1134 2024 1176 2086 fi
1211 2048 1323 2109 qua
1366 2033 1478 2092 ob-

116 2065 256 2137 seffis
287 2086 441 2143 mari
481 2084 943 2160 submitterentur
964 2146 983 2174 ,
1024 2104 1322 2183 praefidia5
1358 2127 1475 2171 tres

115 2151 272 2217 ῒθᾶειε
302 2183 487 2224 naves
505 2211 525 2240 ‚
555 2171 619 2230 &
651 2173 873 2236 lembos
942 2180 1209 2265 ristesque
1227 2232 1246 2260 ‚
1270 2190 1475 2263 tradita

116 2248 302 2299 vetere
337 2242 507 2305 classe
542 2268 615 2308 ex
652 2251 876 2316 foedere
900 2202 1209 2324 ffiomaniS.
1245 2262 1472 2351 Harum

114 2327 393 2382 novarum
429 2342 553 2386 tum
586 2335 823 2393 navium
866 2359 896 2394 a
939 2339 1266 2404 ilitatem.ut
1297 2368 1471 2428 expe-

117 2390 345 2476 riretur,
370 2402 535 2466 fimul
559 2427 622 2468 ut
648 2417 843 2473 omnia
871 2358 998 2478 sgtis
1028 2440 1161 2501 apta
1178 2426 1260 2487 'ad
1287 2446 1471 2489 certa-

113 2488 239 2536 men
258 2482 436 2544 effent
453 2530 474 2557 ‚
495 2489 802 2567 provefios
816 2496 874 2553 in
894 2497 1070 2558 altum
1092 2506 1349 2582 quotidie
1376 2510 1469 2571 re·-

113 2554 321 2637 migem
353 2567 708 2650 militemque
741 2571 1051 2638 simulacris
1073 2586 1303 2645 ,navalis
1355 2612 1467 2671 pu-

182 2658 228 2695 ae
260 2647 596 2721 exercebat,
628 2654 686 2709 in
721 2674 795 2715 eo
816 2674 965 2721 ratus
989 2665 1137 2723 verti
1168 2664 1324 2746 spem
1352 2673 1462 2731 ob-

94 2726 99 2733 ·
136 2714 381 2794 mimis,
418 2721 459 2781 si
508 2729 762 2804 praesidia
812 2741 1092 2801 maritima
1133 2746 1464 2811 interclufis-

114 2787 203 2853 set.
246 2797 464 2860 Praetor
495 2805 841 2876 Achaeorum
870 2864 890 2893 ‚
935 2819 1076 2883 ficut
1099 2820 1460 2892 'terrestrium

112 2883 481 2945 certaminum
516 2905 649 2950 arte⁴
671 2901 935 2978 quemvis
966 2900 1248 2963 clarorum
1276 2908 1461 2989 impe-¹

1053 2981 1115 3047 O
1159 2982 1219 3065 iij
