2017 3609
434 245 849 316 LGzn
950 189 1313 344 XXXI.
1493 270 1581 342 ¹9

166 370 384 435 mares,
424 360 698 446 justique
736 366 799 424 in
831 383 987 424 mare
1033 363 1325 446 extemplo
1364 362 1581 445 depor-
1605 391 1806 425 ====

171 445 271 502 tari
304 466 324 517 ;
358 443 523 505 ficut
545 445 828 527 proxime
869 442 943 505 C.
968 441 1218 506 Claudio
1238 490 1257 519 ,
1282 443 1371 505 M.
1399 444 1571 508 Livio
1607 448 1804 540 ⁰5⁴⁹·

174 524 516 586 consulibus
543 572 566 601 ,
606 526 949 607 deportatus
986 523 1176 586 similis
1198 525 1444 609 prodigii
1468 525 1577 588 foe-
1603 509 1641 540 ι’
1687 507 1806 539 '²⁰⁰'

165 620 259 664 tus
294 622 451 666 erat.
509 605 728 667 Nihilb
779 608 967 666 minus
1008 606 1373 667 decemviros
1413 607 1573 669 adire

159 684 351 746 libros
380 687 465 745 de
502 704 795 768 portento
827 706 900 747 eo
924 683 1211 766 jusserunt.
1231 685 1574 750 Decemviri

166 786 240 826 ex
270 767 452 826 libris
477 788 581 827 res
613 768 842 829 divinas
873 766 1098 827 easdem
1119 812 1138 841 ,
1161 789 1289 849 quae
1311 769 1574 847 proxime

164 846 512 907 secundum
548 847 615 907 id
652 848 980 930 prodigium
1009 846 1169 907 faetae
1207 845 1383 907 essent
1407 892 1428 920 ‚
1477 849 1579 908 im·

164 946 467 1009 peratum
516 949 535 987 ι
583 949 815 988 carmen
845 945 1120 1010 praeterea
1158 927 1230 987 ab
1270 945 1359 988 ter
1388 948 1579 989 nove-

182 1010 281 1067 nis
321 1008 659 1090 virginibus
707 1012 832 1069 cani
919 1030 980 1069 er
1024 1010 1229 1069 urbem
1266 1006 1576 1088 jusserunt,

189 1087 543 1171 donumque
599 1088 811 1150 Junoni
857 1030 1096 1173 {eginae
1146 1088 1299 1149 ferri.
1354 1088 1437 1149 Ea
1494 1092 1579 1151 uti

184 1167 405 1230 fierent
429 1214 450 1242 ‚
489 1166 571 1230 C.
592 1169 867 1230 Aurelius
906 1169 1101 1231 consul
1128 1190 1201 1229 ex
1225 1170 1581 1231 decemviro-

180 1270 321 1309 rum
363 1249 650 1331 responso
698 1253 935 1311 curavit.
973 1247 1267 1323 Carmen,
1297 1248 1435 1309 ficut
1472 1272 1576 1332 pa-

180 1346 354 1389 trum
400 1330 697 1391 memoria
740 1329 939 1392 Livius
970 1376 992 1406 ,
1031 1333 1110 1394 ita
1151 1348 1276 1393 tum
1316 1330 1578 1391 condidit

182 1409 270 1471 P.
301 1409 563 1482 Licinius
589 1409 836 1493 Tegula.

282 1488 486 1551 XIII.
555 1490 643 1551 Ex
686 1495 809 1553 iatis
870 1491 1140 1552 omnibus
1200 1491 1574 1573 religionibus
1599 1500 1798 1586 PReddtrp

187 1569 387 1652 (nam
424 1573 607 1631 etiam
696 1574 846 1632 ocris
886 1572 1241 1655 sacrilegium
1297 1571 1576 1653 pervesti-
1600 1548 1803 1649 31,ἷῖΣῖ

234 1669 400 1711 atum
431 1673 465 1711 a
506 1650 597 1731 Q.
635 1651 898 1714 Minucio
924 1670 1044 1713 erat
1065 1697 1083 1725 ,
1119 1655 1474 1734 pecuniaque
1504 1673 1579 1713 ex
1602 1648 1689 1690 ¹⁸²⁰·

239 1734 371 1792 onis
386 1734 702 1792 noxiorum
717 1735 776 1791 in
793 1732 1084 1794 thesauros
1106 1731 1378 1825 repe-fita)
1401 1753 1581 1811 quum

194 1811 467 1872 consules
507 1816 570 1871 in
614 1815 938 1894 provincias
979 1810 1265 1895 profic1sci
1301 1812 1521 1872 vellent
1559 1834 1580 1886 3
1649 1821 1654 1824 ’

245 1894 418 1955 rivati
430 1891 1006 1975 frequenteS,quibus
1028 1909 1100 1951 ex
1161 1893 1358 1951 ecunia
1375 1938 1391 1965 ,
1405 1914 1578 1975 quam

286 2015 303 2031 .
321 1972 564 2033 Valerio
583 2018 604 2048 ,
625 1972 715 2033 M.
728 1973 972 2034 Claudio
989 1915 1310 2035 confinibus
1327 1991 1582 2033 mutuam

211 2052 492 2113 dederant
508 2099 528 2127 ‚
548 2057 714 2114 tertia
733 2052 933 2136 penfio
959 2052 1278 2113 debebatur
1302 2073 1373 2112 eo
1395 2075 1587 2125 anno,

205 2132 476 2193 'adierunt
509 2133 762 2195 senatum
782 2179 802 2209 ‚
822 2136 955 2215 quia
983 2132 1245 2203 consules
1260 2177 1280 2205 ‚
1306 2152 1485 2213 quum
1506 2131 1582 2190 ad

206 2233 440 2274 novum
485 2214 742 2288 bellum,
777 2213 939 2296 quod
992 2234 1089 2273 ma
1127 2212 1200 2271 nii
1249 2209 1410 2271 classe
1456 2232 1583 2270 ma-

206 2292 451 2389 gnisque
503 2296 852 2359 exercitibus
889 2313 1065 2376 geren
1108 2313 1211 2357 um
1248 2289 1386 2355 esset
1408 2336 1434 2367 ,
1476 2293 1581 2354 vix

207 2396 477 2438 aerarium
517 2374 830 2448 sufficeret,
850 2390 1203 2457 negaverant
1239 2371 1348 2432 effe
1369 2417 1390 2447 ‚
1425 2372 1580 2434 unde

203 2456 275 2514 iis
313 2457 378 2516 in
422 2455 721 2537 praesentia
760 2455 1099 2515 solveretur.
1159 2451 1396 2511 Senatus
1440 2472 1582 2533 que-

202 2553 402 2596 rentes
443 2556 548 2596 eos
595 2557 714 2597 non
763 2534 1061 2606 sustinuit,
1099 2534 1167 2594 Si
1206 2534 1265 2591 in
1310 2535 1580 2592 Punicum
1624 2542 1800 2604 Ρςοιςέ

212 2617 411 2675 bellum
429 2618 673 2696 pecunia*
704 2618 841 2676 data*
861 2661 882 2691 a
916 2617 974 2675 itz
1009 2615 1426 2674 Macedonicum
1449 2634 1579 2692 quo-
1597 2604 1806 2689 3ἑῖἶῖξὲἷί

222 2717 318 2777 que
338 2697 540 2761 bellum
559 2698 643 2754 uti
662 2695 951 2780 respublica
982 2695 1144 2766 vellet
1160 2738 1183 2770 2
1207 2694 1339 2752 aliis
1358 2715 1425 2751 ex
1447 2694 1580 2753 aliis
1600 2687 1800 2742 “ffiss”‘¹³·

219 2776 516 2835 orientibus
550 2777 705 2834 bellis
720 2822 740 2847 ‚
773 2779 910 2855 quid
941 2777 1101 2835 aliud
1125 2775 1288 2854 qudm
1326 2773 1579 2853 publiea-

214 2873 333 2920 tam
353 2900 379 2935 ,
417 2877 524 2942 pro
570 2856 817 2939 beneficio
837 2901 861 2933 ,
898 2874 1175 2942 tamquam
1222 2854 1287 2916 ob
1331 2872 1580 2934 noxam³
