2017 3609
288 206 653 318 Llirssn
755 220 1238 314 XXXIII.
1317 211 1445 337 1'65

128 354 288 422 tiocho
315 359 655 423 imminebat
698 381 719 436 3
752 378 886 421 nam
917 359 1055 420 alias
1100 358 1322 419 auxiliis
1360 354 1670 439 ju-====

127 457 324 517 venuit,
355 445 493 503 alias
530 441 903 526 providendo
936 462 1005 501 ac
1043 438 1455 522 praemonendo
1473 439 1671 540 §³5:332

130 537 318 582 conatus
348 522 533 584 hostis
560 545 581 597 ;
614 521 889 604 causaque
923 521 1197 582 libertatis
1226 519 1456 582 fuerunt
1497 517 1510 531 ’

129 596 322 663 Cauniis
342 648 362 676 ‚
387 603 665 686 Myndiis
686 649 707 678 ‚
731 598 1330 674 Halicarnassensibus,
1354 600 1460 661 Sa-

123 679 340 763 miisque.
355 683 415 744 N
419 706 502 745 on
519 703 719 778 operae
737 682 817 743 est
833 679 1123 764 persequi,
1139 698 1202 741 ut
1216 699 1457 762 quaeque

126 757 218 819 aaa
248 764 303 822 in
334 764 421 824 his
463 765 616 825 locis
659 763 805 836 fint,
840 781 1017 844 quum
1067 761 1141 822 ad
1178 780 1286 833 ea,
1331 781 1460 841 quae

126 859 208 918 pro
244 844 319 903 rie
353 844 614 905 Romani
642 844 785 905 beni
824 842 986 915 sunt,
1014 845 1114 903 vix
1146 838 1441 901 sufficiam.

317 967 340 1001 ,ι
371 926 610 986 Eodem
653 942 917 1006 tempore
951 925 1016 985 &
1044 921 1274 984 Attalus
1317 941 1458 995 rex,
1523 947 1662 988 Ama

128 1017 249 1081 aeger
276 1001 499 1066 Thebis
536 1005 878 1089 Pergamum
919 1002 1191 1064 advectus
1213 1046 1234 1077 ‚
1277 1003 1461 1062 mori-
1474 995 1650 1088 3222?

125 1095 194 1138 tur
213 1125 231 1155 ‚
254 1083 425 1147 altero
461 1089 531 1149 δι
581 1084 638 1145 se
683 1083 995 1167 tuagefimo
1035 1103 1187 1143 anno
1207 1126 1228 1157 ‚
1280 1102 1461 1166 quum

127 1177 330 1297 filatum·
384 1167 450 1227 &
509 1108 728 1249 quaXra
767 1169 883 1225 'nta
933 1185 1114 1225 annos
1168 1161 1461 1304 regnasset.

178 1244 251 1301 uic
281 1247 405 1307 viro
426 1293 447 1323 ‚
479 1263 695 1330 praeter
722 1187 948 1308 §ivitias
968 1287 987 1318 ,
1023 1244 1163 1305 nihil
1194 1266 1225 1304 a
1300 1243 1462 1327 spem

132 1324 261 1401 regni
286 1323 510 1388 fortuna
560 1328 794 1387 dederat
833 1346 850 1387 t
879 1325 968 1385 his
1009 1323 1175 1385 simul
1211 1326 1464 1408 pruden-

132 1412 233 1475 ῐθῐ,
260 1402 415 1488 simul
441 1407 752 1491 magnifice
787 1407 1004 1467 utendo
1028 1452 1048 1482 ‚
1080 1404 1306 1479 effecit,
1343 1409 1465 1488 pri:

137 1481 267 1541 minu
289 1503 350 1546 ut
377 1486 484 1549 fibi
510 1533 533 1564 ,
576 1488 785 1549 deinde
806 1504 868 1549 ut
893 1487 1013 1547 aliis
1050 1507 1168 1547 non
1196 1487 1463 1569 indignus

139 1561 389 1627 videretur
413 1590 623 1654 regno·
649 1568 831 1630 Viffls
861 1568 1069 1628 deinde
1104 1566 1313 1648 proelio
1343 1586 1463 1626 uno

141 1635 289 1703 Gallis
308 1692 327 1719 ,
356 1670 486 1731 quae
527 1667 654 1710 tum
681 1670 819 1733 gens
844 1650 1060 1708 recenti
1080 1646 1330 1708 adventu
1354 1662 1466 1705 ter-

144 1719 319 1811 ribilior
344 1728 498 1791 Afiae
522 1747 645 1790 erat
662 1775 682 1805 ‚
712 1731 930 1812 regium
954 1726 1193 1788 adscivit
1218 1745 1430 1787 nornen
1445 1769 1467 1799 ,

142 1812 670 1894 cFlu-‘³magnitudini
713 1810 936 1892 semper
981 1811 1235 1868 animum
1276 1826 1465 1889 aequa-

145 1897 226 1942 vit.
249 1882 471 1951 Summa
509 1890 723 1974 justitia
759 1890 887 1950 suos
924 1891 1112 1951 rexit:
1143 1889 1369 1948 unicam
1400 1884 1465 1946 fi·

148 1957 256 2023 dem
291 1965 446 2031 sociis
492 1971 754 2055 praestitit
793 1995 808 2032 ι
849 1991 1093 2031 uxorem
1136 1992 1201 2030 ac
1252 1969 1463 2030 liberos

150 2059 350 2133 quatuor
389 2050 713 2134 superstites
748 2052 946 2112 habuit
984 2073 999 2111 z
1044 2052 1195 2110 mitis
1232 2071 1298 2109 ac
1340 2070 1469 2109 mu-

152 2120 315 2186 mficus
343 2135 537 2192 amicis
566 2131 704 2193 fuit:
730 2152 967 2214 regnum
997 2132 1145 2191 adeo
1174 2128 1368 2190 stabile
1397 2149 1465 2188 ac

154 2195 346 2267 firmum
363 2214 592 2294 reliquit
609 2258 628 2287 ‚
650 2230 713 2274 ut
731 2213 803 2272 ad
834 2213 1058 2271 tertiam
1091 2210 1158 2270 sti
1230 2229 1324 2269 em
1344 2207 1472 2290 pos-

157 2274 286 2345 seffio
316 2288 431 2368 ejus
453 2293 827 2355 descenderit.
859 2289 1065 2370 Quum
1095 2293 1146 2350 is
1160 2232 1351 2350 ¹Kratas»
1386 2308 1475 2349 re-

158 2376 259 2422 rum
289 2369 343 2429 in
376 2372 548 2446 Afia,
583 2372 923 2452 Graeciaque
957 2416 978 2445 ‚
1025 2373 1091 2432 &
1131 2369 1477 2430 Macedonia

161 2438 266 2503 effer
281 2489 299 2518 ,
323 2453 560 2513 vixdum
586 2454 890 2514 terminato
912 2470 1045 2509 cum
1066 2449 1328 2530 Philippo
1355 2449 1478 2510 bel-

158 2514 237 2592 ῙΟ,
271 2546 402 2605 pace
445 2534 599 2593 certe
658 2532 918 2593 nondum
968 2529 1335 2611 perpetrata,
1390 2533 1475 2589 in-

189 2618 268 2663 ens
286 2608 341 2667 in
360 2611 630 2693 Hispania
657 2613 927 2674 ulteriore
957 2628 1222 2672 coortum
1244 2609 1324 2670 est
1346 2609 1504 2687 bel<
1546 2622 1691 2684 Motu·

181 2697 271 2743 ⁰¹1¹·
299 2686 380 2750 M.
412 2692 655 2753 Helvius
692 2714 817 2754 earn
845 2693 1204 2774 provinciam
1243 2691 1477 2751 obtine·
1490 2671 1695 2763 ‘ffl‘sp'

161 2753 251 2820 bat.
283 2763 335 2825 Is
381 2769 576 2833 litteris
623 2771 877 2834 senatum
935 2775 1243 2834 certiorem
1301 2769 1437 2831 fecit
1459 2816 1480 2845 ,

165 2837 350 2908 colcum
390 2851 446 2913 6·
465 2852 761 2933 Letfiinum
797 2855 1003 2936 negatos
1036 2855 1098 2913 in
1139 2852 1303 2912 armis
1335 2848 1433 2929 ff
1459 2871 1480 2910 ε
