2017 3609
322 249 755 322 LIBER
855 252 1240 333 XXXV.
1359 255 1498 351 331‘

108 361 457 427 «XXXIV.
508 363 813 444 Quintius
833 365 1117 450 legatique
1146 365 1493 431 Corinthum
1516 377 1711 426 εει-ἒ

63 444 370 507 redierunt
397 468 417 505 t
446 447 658 519 inde,
685 462 750 506 ut
766 467 1010 528 quaeque
1043 448 1117 509 de
1153 450 1452 512 Antiocho
1520 449 1712 502 ⁰·‘·5⁶⁶·

63 524 205 585 nihil
222 546 341 607 per
371 526 443 587 se
475 523 612 608 ipsi
646 529 833 599 moti,
864 528 930 590 &
964 526 1226 590 sedentes
1267 531 1371 592 exs
1404 553 1499 593 ec-

64 621 187 666 tare
218 607 606 668 adventum
622 607 954 668 viderentur
982 610 1134 691 regis
1154 652 1173 679 ‚
1195 555 1498 675 concillum

69 686 321 766 quidem
346 684 676 748 universae
715 690 900 769 gentis
931 688 1063 770 post
1094 688 1345 751 dimiss'os
1379 691 1501 752 Ro·

76 785 284 828 manos
324 789 470 829 non
511 767 848 828 habuerunt
881 789 901 843 3
932 789 1040 850 per
1075 770 1373 851 apocletos
1409 793 1501 831 au-

74 861 193 905 tem
252 845 406 942 (ita
457 864 697 908 vocant
750 846 988 909 sanctius
1035 849 1332 911 confilium
1371 871 1387 911 t
1425 871 1499 911 ex

86 924 327 988 delectis
367 926 631 990 constat
666 927 853 1011 viris)
887 927 950 988 id
981 930 1267 1015 agitabant
1285 975 1309 1004 ,
1354 952 1499 1013 quo-

84 1025 215 1067 nam
248 1008 464 1070 modo
506 1029 612 1069 res
648 1009 708 1069 in
745 1005 973 1070 Graecia
1000 1028 1371 1074 novar-entur.
1399 1010 1506 1088 In-

88 1100 170 1146 ter
202 1108 436 1150 omnes
476 1086 785 1151 constabat
803 1133 824 1167 ,
862 1091 922 1149 in
975 1091 1303 1151 civitatibus
1389 1093 1503 1151 rin-

97 1167 293 1246 cipe8‚
330 1170 651 1252 optimum
711 1189 846 1230 uem
929 1168 1297 1243 e‚Romanae
1346 1172 1501 1233 ocie-

97 1249 221 1307 tatis
259 1246 379 1311 effe
407 1293 430 1325 ‚
462 1249 541 1312 &
569 1269 687 1329 prae
715 1249 831 1308 enti
908 1264 1000 1309 atu
1033 1248 1280 1331 gaudere
1306 1271 1322 1312 ε
1346 1252 1498 1313 mul-‘-

107 1327 465 1404 titudinem,
503 1332 580 1393 &
652 1348 859 1392 uorum
887 1347 978 1389 res
1012 1351 1129 1392 non
1161 1351 1232 1392 ex
1271 1329 1495 1393 senten-

107 1407 178 1468 tia
216 1409 236 1468 i
282 1408 497 1471 sorum
549 1429 585 1470 e
631 1426 768 1485 ent,
814 1411 1012 1470 omnia
1063 1414 1268 1473 novari
1316 1414 1493 1476 velle.

117 1486 243 1550 AEto
267 1492 289 1549 i
319 1488 649 1552 confilium
685 1510 801 1551 uno
831 1489 926 1551 die
952 1490 1073 1572 spei
1108 1513 1343 1574 quoque
1369 1515 1491 1553 non

115 1568 337 1630 audacis
374 1570 578 1632 modo
602 1615 622 1644 ‚
651 1568 747 1633 sed
770 1573 941 1632 etiam
981 1573 1331 1653 impudentis
1352 1615 1372 1644 ‚
1397 1593 1495 1632 ce-

116 1667 348 1727 perunt,
367 1649 828 1712 Demetriadem
845 1696 864 1724 ‚
890 1647 1231 1710 Chalcidem
1251 1693 1270 1721 ‚
1302 1652 1366 1711 &
1389 1650 1497 1710 La-

124 1729 529 1792 cedaemonem
575 1731 913 1808 occupandi.
952 1726 1170 1810 Singuli
1209 1731 1267 1788 in
1307 1728 1496 1810 fingu-

117 1807 193 1868 las
215 1810 362 1873 miffi
387 1810 533 1872 sunt
595 1811 841 1889 rincipes
861 1806 1097 1882 3Thoas
1124 1807 1497 1885 Chalcidem,

124 1885 526 1953 Alexamenus
637 1889 1036 1950 cedaemonem
1054 1932 1074 1963 ‚
1104 1886 1348 1951 Diocles
1372 1888 1498 1950 De-

125 1974 494 2035 metriadem.
534 1969 706 2030 Hunc
758 1968 913 2031 exsul
959 1969 1323 2050 Eurylochus
1350 2017 1370 2046 ‚
1418 1970 1496 2032 de
1567 2002 1717 2043 Dema

130 2049 279 2129 cuius
312 2053 375 2114 fu
418 2076 455 2113 a
498 2050 774 2133 causaque
796 2049 944 2133 fugae
977 2051 1108 2110 ante
1135 2050 1347 2111 dictum
1369 2050 1492 2126 est,
1513 2055 1718 2143 2222‘121·

133 2132 255 2213 quia
276 2194 281 2201 ,
303 2155 366 2195 re
411 2131 533 2194 itus
584 2133 644 2191 in
704 2133 943 2211 patriam
990 2129 1148 2197 ¹nulla
1200 2129 1327 2212 spes
1382 2132 1495 2191 alia
1600 2115 1628 2153 Ρ

134 2229 243 2274 etat
266 2259 286 2288 ‚
320 2212 568 2293 adjuvit.
604 2210 832 2270 Litteris
862 2208 1181 2289 Eurylochi
1213 2210 1495 2272 admoniti

138 2297 441 2376 propinqui
484 2292 768 2372 amicique
786 2332 807 2362 ‚
841 2291 905 2350 &
951 2291 1050 2378 qui
1079 2287 1334 2379 ejusdem
1376 2289 1495 2350 fac·-

138 2372 304 2434 tionis
326 2388 494 2437 erant
508 2415 529 2443 ‚
562 2369 776 2430 liberos
796 2370 861 2431 δὲ
879 2388 1191 2449 conlugem
1215 2390 1336 2449 ejus
1359 2392 1492 2430 cum

139 2448 361 2514 sordida
399 2448 557 2513 veste
578 2493 598 2524 ‚
632 2466 890 2510 tenentes
923 2448 1251 2510 velamenta
1290 2448 1495 2531 suppli-

143 2551 269 2592 cum
284 2576 304 2607 ‚
325 2533 673 2594 concionem
696 2529 1060 2611 frequentem
1081 2528 1235 2589 adire
1255 2526 1455 2607 jubent
1471 2577 1498 2607 ,

140 2608 385 2693 singulos
430 2609 834 2693 universosque
871 2607 1218 2673 obtestantes
1235 2654 1255 2683 ‚
1294 2631 1365 2672 ne
1403 2613 1493 2671 in·-

147 2688 399 2762 sontem,
427 2694 817 2754 indemnatum
836 2688 1238 2752 consenescere
1268 2692 1326 2751 in
1351 2691 1491 2752 exsi-

143 2768 225 2831 lio
258 2765 514 2830 sinerent.
544 2771 617 2833 Et
651 2772 930 2852 simplices
971 2772 1234 2832 homines
1269 2770 1496 2832 miseri-
1589 2784 1594 2787 ’

146 2848 338 2913 cordia
358 2891 379 2924 ,
409 2851 472 2917 &
504 2853 800 2937 improbos
831 2845 1238 2940 seditiososque
1282 2850 1496 2923 intruis-2

1474 498 1495 528 9
1519 500 1620 541 iove·
1628 509 1719 549 ¹9³⁸
1785 514 1792 521 '
