2017 3609
1115 51 1156 66 t-

502 212 599 283 26
898 212 1526 284 T.L1V11

289 353 484 390 εει-..-
507 325 598 390 Μ.
633 326 903 390 'AEmilius
941 330 1118 390 trium
1152 327 1453 391 consensu
1494 326 1791 391 minimus
1828 343 1924 391 nai

285 409 484 504 Pgwggg
506 428 568 470 tu
585 455 606 486 ‚
626 411 821 471 audita
843 410 1145 473 obsidione
1162 409 1638 491 Abydenorum
1654 457 1677 486 ,
1701 413 1780 472 ad
1804 412 1924 473 Phi·

317 488 329 503 ⁶
373 489 386 503 '
473 488 729 574 'lippum
757 494 964 553 venit:
999 494 1099 574 qui
1127 536 1148 565 ,
1189 490 1441 575 questus
1489 493 1711 554 Attalo
1756 489 1923 553 Rho-

506 573 725 656 diisque
761 593 918 634 arma
954 574 1145 646 illata,
1167 574 1232 634 &
1270 573 1447 655 quod
1476 591 1614 634 tum
1655 573 1919 634 maxime

504 653 796 736 Abydum
828 676 906 736 op
951 671 1190 738 ugnaret
1211 697 1232 727 ‚
1281 674 1481 735 quum
1527 675 1643 715 rex
1695 655 1772 714 ab
1815 654 1921 716 At-

503 735 625 796 talo
653 738 728 808 &
754 735 888 795 Rho
933 738 1002 795 iis
1027 735 1179 796 ultro
1201 734 1258 795 se
1277 735 1454 796 bello
1480 733 1821 797 laceffitum
1844 734 1919 795 di·

505 833 697 888 cet-et,
731 819 883 876 Num
910 818 1176 897 Abydeni
1203 837 1311 897 quo
1351 839 1426 878 ue
1444 862 1469 888 ,
1501 819 1706 899 inquit
1722 862 1749 889 ,
1776 817 1914 877 ultro

502 900 608 958 tibi
642 896 935 957 intulerunt
973 918 1127 956 arma
1157 899 1192 956 ?
1230 896 1299 956 ln
1325 913 1477 958 ueto
1514 919 1669 959 vera
1714 897 1913 957 audire

498 976 759 1039 ferocior
789 978 975 1036 oratio
1002 974 1124 1037 visa
1160 974 1243 1036 est
1266 1020 1285 1049 ‚
1305 977 1498 1057 quam
1524 1001 1666 1061 quae
1695 977 1912 1038 haben-

503 1056 580 1117 da
614 1055 765 1137 apud
803 1076 1000 1138 regem
1023 1055 1177 1117 effet.
1206 1059 1423 1131 AEtas,
1448 1060 1655 1141 inquit
1676 1104 1698 1134 ,
1723 1057 1909 1139 &fini-

500 1161 594 1214 ma
613 1180 636 1209 ,
655 1138 710 1197 6·
726 1135 891 1218 ficper
923 1140 1111 1200 omnia
1144 1141 1463 1200 Romanum
1496 1163 1706 1202 nomen
1736 1159 1790 1200 te
1811 1136 1905 1219 fe-

501 1220 749 1280 rociorem
765 1216 931 1299 facit.
947 1221 1071 1302 Ego
1096 1237 1274 1281 autem
1289 1221 1544 1302 primicm
1567 1223 1776 1293 velim,
1802 1239 1900 1281 vos

486 1299 747 1381 foederum
782 1322 1032 1364 memores
1057 1298 1272 1379 servare
1300 1311 1528 1363 mecum'
1558 1325 1786 1383 pacem.
1834 1300 1901 1359 Si

497 1382 638 1442 bello
675 1377 984 1458 laceffiritis
1006 1424 1028 1455 ‚
1070 1384 1203 1442 mihi
1242 1404 1455 1463 quoque
1500 1386 1567 1444 in
1607 1385 1801 1444 animo
1837 1381 1904 1463 est

484 1461 671 1543 facere
689 1506 713 1534 ,
753 1480 816 1523 ut
864 1484 1076 1545 regnum
1121 1465 1501 1526 Macedonum
1541 1484 1851 1543 nomenque
1874 1504 1900 1532 ,

500 1546 658 1604 haud
691 1543 871 1603 minias
901 1546 1066 1625 qua'm
1103 1549 1414 1605 Romanum
1452 1589 1478 1617 ,
1519 1547 1733 1605 nobile·
1760 1542 1897 1603 bello

490 1623 769 1704 fintiatis.
806 1623 895 1686 Ita
916 1622 1140 1686 dimiffo
1159 1626 1351 1708 legato
1371 1625 1727 1708 ‚Philippus
1752 1643 1894 1685 auro
2003 1671 2004 1690 ,

498 1717 854 1848 argentocffie
886 1749 907 1780 ‚
947 1726 1077 1788 quae
1119 1722 1462 1768 coacervata
1523 1723 1695 1768 erant
1727 1751 1750 1780 ,
1798 1724 1894 1764 ac·-
2003 1723 2004 1772 ξ

498 1804 676 1869 cepto
703 1831 724 1862 ‚
830 1790 1060 1850 minum
1088 1787 1346 1870 praedam
1384 1808 1636 1849 omnem
1666 1784 1886 1847 amisit:

497 1884 656 1929 tanta
688 1870 844 1932 enim
874 1870 1061 1930 rabies
1084 1866 1800 1950 multitudinemfinvafit,
1822 1879 1887 1925 ut

497 1949 739 2031 repente
759 1992 779 2023 ‚
847 1950 1073 2010 roditos
1102 1952 1211 2009 rati
1233 1952 1336 2031 qui
1371 1967 1703 2031 pugnantes
1730 1966 1887 2008 mor·

497 2045 621 2092 tem
663 2051 769 2092 occ
854 2028 1098 2101 uissent,
1131 2029 1568 2113 perjuriumque
1618 2031 1745 2091 aliis
1788 2026 1884 2088 alii

499 2112 910 2192 exprobrantes
937 2154 957 2185 ‚
1019 2112 1087 2174 δι
1138 2110 1521 2172 sacerdotibus
1574 2109 1835 2172 maxime
1858 2148 1880 2180 ,
2001 2153 2002 2162 2

542 2194 600 2252 ui
619 2238 641 2264 ,
673 2213 821 2274 quos
851 2193 925 2253 ad
944 2209 1201 2254 mortem
1236 2191 1601 2256 devovissent
1619 2238 1641 2269 ‚
1670 2208 1880 2253 eorum

306 2295 483 2357 asyam
500 2213 859 2334 deditionem
877 2276 1151 2334 vivorum
1167 2273 1315 2335 hosti
1331 2270 1609 2345 feciffent,
1630 2269 1879 2355 repente

277 2343 479 2440 {jug-¹212:
500 2373 705 2415 omnes
729 2353 802 2414 ad
843 2353 1064 2414 caedem
1088 2351 1401 2436 conjugum
1440 2352 1760 2413 liberorum
1804 2368 1879 2411 ue

499 2433 910 2510 discurrerent,
930 2434 1106 2516 seque
1134 2432 1242 2515 ipsi
1276 2453 1382 2515 per
1402 2453 1605 2493 omnes
1636 2435 1765 2494 vias
1811 2450 1876 2491 e-

495 2517 580 2580 thi
619 2514 1023 2577 interficerent.
1063 2510 1510 2596 ObstupefaEius
1554 2533 1628 2573 eo
1670 2512 1873 2573 furore

493 2596 708 2673 rex,su
752 2594 945 2679 preffit
979 2598 1264 2676 impetum
1293 2592 1703 2663 militum;&‚
1736 2595 1873 2651 Tri·-

494 2682 661 2739 duum
717 2699 743 2735 e
774 2679 853 2737 ad
883 2678 1210 2736 moriendum
1245 2674 1533 2752 Abydenis
1565 2674 1692 2731 dare
1710 2715 1732 2745 ‚
1773 2672 1870 2732 di·-

494 2760 595 2818 xit.
633 2755 780 2836 Quo
819 2754 999 2838 spatio
1033 2755 1195 2838 plura
1235 2752 1487 2814 facinora
1525 2753 1587 2812 in
1623 2750 1682 2814 se
1723 2750 1858 2812 viffl

494 2836 798 2902 ediderunt
830 2881 850 2915 ,
887 2834 1061 2922 quam
1095 2832 1287 2901 infesti
1327 2832 1629 2900 efflent
1680 2830 1861 2900 visto-
