2017 3609
369 209 553 291 Q44
816 202 1502 272 ·T.L1r11

242 347 438 381 ===.--...
460 339 636 378 eorum
659 338 768 379 non
790 318 1001 400 templis
1029 319 1194 380 modo
1212 362 1238 389 ‚
1260 314 1381 394 fid
1407 317 1594 377 etiam
1628 315 1909 377 moenibus

245 404 438 498 vig-552·
458 401 520 460 vi
551 418 712 477 atque
745 403 910 459 armis
927 398 1190 481 repulsum
1214 444 1239 471 ‚
1269 399 1334 457 in
1360 420 1434 457 ea
1469 398 1720 457 delubra
1741 441 1763 470 ,
1787 414 1905 476 quae

242 468 284 497 '⁵'
330 465 577 559 'm‘fhld
604 480 851 562 religione
892 498 1013 540 tuta
1032 478 1247 562 fuerint
1272 523 1293 552 ,
1306 474 1570 556 fieviffi.
1604 478 1821 557 ltaque
1843 473 1907 553 se
1991 517 1992 524 κ

463 582 609 621 orare
653 579 816 640 atque
858 560 1116 640 obsecrare
1156 560 1415 621 AEtolos
1437 604 1463 631 ‚
1513 576 1583 617 ut
1622 603 1650 629 ,
1701 555 1904 634 miserti

458 641 872 719 ‘Atheniensium
903 686 928 714 ,
975 644 1202 703 ducibus
1254 643 1380 700 diis
1426 639 1902 716 immortalibus,

464 725 655 783 deinde
691 725 959 783 Romanis
978 768 997 796 ‚
1031 725 1127 802 qui
1142 720 1471 801 secundum
1513 723 1660 780 deos
1707 718 1901 800 pluri·

468 825 610 866 mum
681 802 869 880 offint,
903 803 1099 861 bellum
1123 800 1506 884 fitfiiperent.

286 908 429 967 Legati
524 824 745 943 ΧΧςΗ.
758 881 916 943 Tum
931 882 1230 942 Romanus
1249 882 1498 965 legatus
1517 904 1533 942 ε
1554 885 1764 943 Totam
1782 899 1896 939 ora-

256 957 430 1049 5:¹32?
473 966 643 1025 tionis
662 984 785 1022 meae
797 959 1034 1043 formam
1047 965 1398 1022 Macedones
1409 962 1684 1042 primum
1697 1007 1723 1034 ,
1745 962 1896 1021 dein-

473 1047 538 1106 de
559 1042 911 1122 Athenienses
943 1060 1235 1103 mutarunt.
1270 1045 1445 1103 Nam
1489 1044 1553 1103 6·
1604 1037 1894 1103 Macedo-

475 1148 571 1189 nes
592 1169 614 1196 ‚
637 1147 797 1205 quum
816 1127 894 1184 ad
909 1125 1305 1204 conquerendas
1322 1124 1614 1205 Philippi
1645 1119 1891 1204 injurias

476 1207 535 1267 in
552 1217 633 1265 tot
652 1205 839 1284 fhcias
863 1207 1022 1266 nobis
1040 1207 1191 1264 urbes
1214 1202 1481 1281 venff’m
1495 1251 1523 1277 ,
1544 1205 1702 1264 ultro
1720 1222 1886 1263 accu-

464 1285 646 1367 sando
674 1290 954 1348 Romanos
976 1330 1000 1358 ,
1033 1284 1378 1365 defensionem
1410 1304 1482 1345 ut
1518 1282 1886 1363 accusatione

469 1369 735 1450 potiorem
760 1368 998 1427 haberem
1017 1411 1036 1438 ‚
1060 1364 1334 1446 affecerunt
1355 1388 1385 1438 ‚·
1416 1366 1479 1425 6·
1498 1361 1883 1441 Athenienses

477 1451 538 1510 in
556 1451 683 1508 deos
689 1446 913 1528 fitperos
929 1444 1223 1526 inferosque
1231 1444 1486 1526 nefanda
1503 1466 1684 1526 atque
1709 1443 1878 1504 inliti-

477 1551 667 1591 mana·
671 1527 874 1606 scelera
910 1525 1028 1610 ejus
1061 1526 1324 1607 referendo
1340 1570 1362 1598 ,
1396 1530 1549 1606 quid
1593 1528 1739 1586 milzi
1779 1540 1879 1583 aut

472 1611 730 1689 cuiquam
763 1609 1081 1687 reliquerunt
1100 1653 1119 1681 ,
1140 1609 1289 1688 quod
1305 1603 1545 1685 objicere
1567 1606 1729 1672 ultra
1752 1599 1880 1686 poſs

372 1759 375 1760 ⁷
454 1692 566 1771 ‘fim
600 1693 635 1750 ?
666 1692 873 1750 Eadem
913 1690 1116 1750 Cianos
1135 1733 1156 1764 ‚
1186 1690 1503 1770 Abydeno-5
1526 1734 1551 1759 ,
1599 1689 1831 1746 AEneos
1851 1727 1873 1757 ,

473 1774 827 1842 Maronitas,
870 1772 1113 1842 Parios,
1165 1772 1423 1841 Samios,
1466 1764 1817 1849 Larffnfis
1844 1807 1867 1838 ,

475 1846 770 1925 Mffnios
794 1852 922 1909 hinc
949 1865 1020 1909 ‘ex
1039 1851 1266 1910 Achaia
1284 1892 1303 1920 ,
1330 1852 1641 1930 existimate
1665 1848 1819 1928 queri
1832 1866 1861 1919 ,⁶

470 1932 725 2011 graviora
762 1932 921 1988 etiam
962 1931 1335 2007 acerbioraque
1375 1950 1497 2000 eos,
1520 1932 1737 2010 quibus
1763 1947 1859 1988 no-

477 2011 633 2069 cendi
661 2005 911 2088 majorem
929 2006 1257 2087 facultatem
1290 2009 1497 2069 habuit.
1520 2013 1690 2071 Nam
1711 2006 1863 2089 quod

477 2091 558 2150 ad
590 2110 655 2148 ea
683 2092 915 2160 attinet,
947 2109 1062 2168 quae
1103 2089 1259 2148 nobis
1292 2086 1488 2169 objecit
1524 2113 1552 2163 ‚·
1581 2092 1698 2170 nili
1725 2088 1873 2171 glo-ev

479 2169 566 2229 ria*
601 2172 767 2250 digna
791 2168 928 2247 fiant
949 2212 968 2240 ,
991 2167 1181 2248 fhteor
1203 2193 1267 2229 ea
1290 2167 1504 2249 defendi
1538 2193 1653 2231 non
1671 2164 1851 2253 poffi.

475 2251 740 2330 Rhegium
757 2291 779 2320 ‚
811 2250 866 2308 6·
904 2250 1149 2330 Capuam
1172 2294 1191 2322 ‚
1227 2250 1282 2308 6·
1327 2254 1373 2309 S
1413 2249 1633 2327 racusas
1682 2250 1850 2311 nobis

479 2327 692 2409 objecit.
730 2330 1028 2408 Rhegium,
1063 2330 1264 2410 Pyrrhi
1290 2273 1429 2388 bello
1450 2374 1469 2402 ‚
1496 2332 1635 2410 legio
1668 2355 1708 2390 a
1738 2351 1850 2390 no-

477 2411 565 2469 his
583 2453 603 2482 ,
635 2410 898 2491 Rheginis
919 2410 1048 2490 ipsis
1081 2428 1143 2469 ut
1170 2411 1485 2469 mitteremus
1514 2413 1802 2471 orantibus
1824 2454 1848 2481 ,

476 2491 536 2548 in
560 2491 860 2569 praefidium
892 2490 1049 2568 mtffa
1061 2534 1084 2562 ,
1116 2491 1287 2549 urbem
1300 2534 1323 2561 ,
1353 2491 1433 2548 ad
1463 2510 1624 2568 quam
1656 2489 1845 2568 defin-

473 2571 705 2629 dendam
735 2568 888 2647 miffit
912 2587 1023 2628 erat
1042 2614 1066 2640 ,
1089 2591 1188 2649 pet·
1205 2568 1384 2645 scelus
1410 2564 1659 2647 poffedit.
1687 2571 1846 2630 Com·

466 2649 818 2732 probavimus
852 2668 966 2729 ergo
1007 2651 1070 2708 id
1087 2646 1317 2727 facinus
1351 2650 1386 2709 ?
1431 2670 1504 2707 an
1540 2648 1678 2710 bello
1714 2670 1842 2730 per-

465 2725 642 2809 secuti
651 2726 971 2806 sceleratam
993 2729 1248 2808 legionem
1267 2772 1289 2799 ‚
1320 2726 1379 2786 in
1392 2730 1699 2811 potestatem
1720 2754 1793 2792 no
1816 2763 1838 2780 ·

472 2825 610 2884 §tam
640 2810 899 2876 redactam
913 2852 938 2885 ,
965 2825 1105 2896 tergo
1141 2808 1196 2873 6·
1217 2810 1509 2878 cervicibus
1533 2811 1725 2896 poenas
1742 2729 1841 2896 A
