2017 3609
473 258 575 335 30.
862 238 1488 309 T.L1r11

262 367 451 417 aaa
472 353 598 416 tera
615 367 775 435 parte
800 354 1042 417 duarum
1062 355 1370 439 legionum
1391 356 1640 439 equites
1663 400 1684 430 ‚
1712 352 1910 416 altera·

261 435 459 534 3ξὲἑέ
474 434 766 496 sociorum
827 439 1142 519 equitatum
1201 439 1266 497 in
1323 459 1562 497 cornua
1630 436 1895 497 hostium

474 517 733 590 emittat,
761 539 870 578 nec
896 521 1193 582 circumire
1219 539 1332 579 eos
1371 522 1574 579 aciem
1603 519 1902 599 patiatur;

473 596 639 660 fimul
677 600 743 670 ὃ(
766 598 922 681 ipse,
948 616 1012 660 ut
1045 616 1423 661 extenuatam
1467 600 1750 661 mediam
1787 599 1897 658 de-

474 678 656 740 ductis
689 680 956 741 cornibus
987 682 1173 742 aciem
1202 678 1536 743 Gallorum
1577 681 1743 743 vidit
1764 725 1787 752 ,
1805 677 1895 738 'si-

477 781 594 843 gna
622 758 831 821 inferre
865 760 1157 823 confertos
1190 763 1417 823 milites
1437 806 1461 836 ‚
1503 763 1575 824 &
1618 781 1896 843 perrum-

448 915 453 920 .
558 861 619 902 re
651 842 885 902 ordines
920 839 1101 919 jubet.
1138 841 1211 903 Et
1252 864 1494 906 cornua
1546 842 1628 903 ab
1679 842 1894 922 equiti-

478 862 588 983 ξῗιε
609 964 629 993 ,
660 922 726 983 &
755 920 934 981 medii
965 943 998 980 a
1033 922 1228 1002 pedite
1263 922 1420 1004 pulsi
1443 947 1467 998 3
1493 940 1566 984 ac
1595 921 1849 1004 repente
1868 961 1889 993 ,

523 1020 661 1060 uum
676 1002 837 1061 omni
852 1017 1015 1082 parte
1031 1001 1190 1063 caede
1206 1003 1435 1085 ingenti
1454 1003 1894 1073 sternerentur,

481 1021 643 1143 galli
659 1097 746 1142 ter
786 1080 1167 1157 avertunt‚fu
1243 1103 1362 1165 que
1385 1081 1585 1145 effusa
1608 1096 1889 1167 repetunt

479 1159 657 1222 castra
694 1183 708 1222 ε
747 1101 1032 1245 {ugientes
1070 1183 1175 1245 per
1237 1180 1403 1224 cutus
1447 1185 1647 1248 eques
1674 1207 1696 1239 ,
1744 1181 1888 1226 mox

481 1242 550 1302 &
596 1241 856 1325 legiones
898 1242 1164 1305 insecutae
1216 1245 1277 1303 in
1333 1242 1528 1305 castra
1587 1248 1886 1328 impetum

479 1321 759 1384 fecerunt.
797 1324 996 1385 Minus
1036 1324 1134 1386 sex
1169 1325 1345 1384 millia
1376 1326 1710 1387 hominum
1746 1323 1887 1384 inde

482 1400 845 1486 effugerunt:
879 1405 1021 1466 caesa
1058 1421 1155 1466 aut
1183 1422 1350 1488 capta
1390 1405 1884 1489 supra-quinque

484 1485 551 1546 &
582 1486 815 1567 triginta
871 1486 1052 1547 millia
1098 1507 1231 1546 cum
1293 1484 1465 1569 fignis
1526 1486 1882 1548 militaribus

482 1563 869 1649 septuaginta,
894 1568 1177 1647 carpentis
1206 1566 1489 1642 Gallicis,
1515 1568 1717 1629 multa
1737 1586 1885 1649 prae·

484 1646 562 1708 da
602 1650 892 1721 oneratiS‚
937 1649 1067 1729 plus
1114 1648 1391 1709 ducentis.
1433 1649 1719 1710 Amilcar
1761 1647 1883 1707 dux

483 1726 697 1789 Poenus
730 1749 802 1789 eo
849 1731 1060 1810 proelio
1100 1730 1306 1789 cecidit
1339 1774 1362 1803 ,
1397 1730 1465 1790 &
1515 1747 1645 1790 tres
1683 1732 1879 1809 impe-

483 1825 704 1870 ratores
742 1810 966 1871 nobiles
1001 1809 1327 1871 Gallorum.
1366 1808 1697 1871 Placentini
1737 1828 1877 1887 cap-

482 1890 591 1948 tivi
628 1889 703 1949 ad·
737 1890 854 1950 duo
886 1890 1066 1951 millia
1093 1890 1408 1951 liberorum
1435 1895 1705 1968 capitum
1735 1886 1876 1949 red-

484 1968 589 2029 diti
627 1961 872 2029 colonis.
1039 1975 1046 1980 '

563 2047 757 2110 XXII.
799 2048 1016 2132 Magna
1059 2048 1302 2111 vissoria
1350 2049 1600 2133 laetaque
1652 2050 1870 2111 Romae

483 2125 608 2191 fuit.
646 2129 877 2190 Litteris
912 2130 1092 2192 allatis
1114 2175 1133 2204 ‚
1152 2130 1494 2214 supplicatio
1516 2134 1575 2191 in
1599 2132 1872 2192 triduum

484 2211 717 2271 decreta
758 2209 858 2272 est.
899 2210 1300 2273 Romanorum
1341 2213 1749 2295 sociorumque
1789 2207 1867 2268 ad

486 2291 605 2350 duo
638 2292 817 2351 millia
851 2313 924 2351 eo
966 2294 1181 2374 proelio
1215 2294 1547 2355 ceciderunt
1572 2314 1590 2365 3
1619 2290 1864 2375 plurimi

486 2371 706 2431 dextrae
737 2373 878 2444 alae,
918 2374 977 2431 in
1016 2394 1189 2454 quam
1237 2376 1427 2453 primo
1481 2373 1712 2454 impetu
1768 2372 1863 2433 vis

483 2454 684 2533 ingens
719 2450 967 2514 hostium
1005 2454 1162 2515 illata
1197 2452 1295 2516 est.
1333 2452 1711 2533 Quamquam
1735 2471 1866 2534 >per

482 2549 794 2614 praetorem
828 2536 1013 2616 prope
1057 2535 1403 2596 debellatum
1450 2549 1568 2592 erat
1590 2577 1609 2606 ,
1649 2530 1863 2594 consu}¹

482 2633 716 2694 quoque
740 2612 814 2675 C.
833 2614 1104 2676 Aurelius
1123 2659 1162 2687 „
1238 2612 1422 2673 rfeffls
1446 2656 1465 2685 ,
1487 2631 1615 2691 quae
1636 2611 1857 2672 Romae

482 2694 704 2774 agenda
731 2693 955 2755 fuerant
971 2740 992 2769 ‚
1024 2716 1131 2777 pro
1159 2693 1311 2755 ectus
1333 2696 1393 2752 in
1410 2690 1661 2753 Galliam
1679 2736 1698 2766 ‚
1720 2692 1858 2751 vic-

481 2791 672 2835 torem
707 2777 1022 2836 exercitum
1047 2798 1081 2835 a
1113 2791 1354 2856 praetore
1394 2775 1635 2858 accepit.
1680 2769 1848 2834 Con-

484 2853 567 2916 sul
597 2856 738 2917 alter
757 2901 776 2931 ,
812 2876 989 2938 quum
1018 2873 1294 2921 autumno
1325 2854 1509 2923 ferme
1552 2853 1754 2922 exacto
1788 2853 1849 2915 in
