<?xml version="1.0" encoding="UTF-8"?>
<!DOCTYPE html PUBLIC "-//W3C//DTD XHTML 1.0 Transitional//EN"
    "http://www.w3.org/TR/xhtml1/DTD/xhtml1-transitional.dtd">
<html xmlns="http://www.w3.org/1999/xhtml" xml:lang="en" lang="en">
 <head>
  <title>
</title>
<meta http-equiv="Content-Type" content="text/html;charset=utf-8" />
  <meta name='ocr-system' content='tesseract 3.04.00' />
  <meta name='ocr-capabilities' content='ocr_page ocr_carea ocr_par ocr_line ocrx_word'/>
</head>
<body>
  <div class='ocr_page' id='page_1' title='image "./titiliviipatavi01unkngoog_0303.png"; bbox 0 0 2017 3609; ppageno 0'>
   <div class='ocr_carea' id='block_1_1' title="bbox 49 257 1684 1018">
    <p class='ocr_par' dir='ltr' id='par_1_1' title="bbox 49 257 1684 944">
     <span class='ocr_line' id='line_1_1' title="bbox 279 257 1449 358; baseline 0 -28"><span class='ocrx_word' id='word_1_1' title='bbox 279 260 683 332; x_wconf 64' lang='lat' dir='ltr'>LGisa</span> <span class='ocrx_word' id='word_1_2' title='bbox 784 257 1231 331; x_wconf 83' lang='lat' dir='ltr'><em>XXXIV.</em></span> <span class='ocrx_word' id='word_1_3' title='bbox 1322 258 1449 358; x_wconf 79' lang='lat'>265</span> 
     </span>
     <span class='ocr_line' id='line_1_2' title="bbox 49 371 1679 450; baseline -0.004 -11"><span class='ocrx_word' id='word_1_4' title='bbox 49 371 399 439; x_wconf 84' lang='lat' dir='ltr'>Gallorum</span> <span class='ocrx_word' id='word_1_5' title='bbox 444 393 637 437; x_wconf 87' lang='lat' dir='ltr'>tamen</span> <span class='ocrx_word' id='word_1_6' title='bbox 677 375 750 435; x_wconf 87' lang='lat' dir='ltr'>ad</span> <span class='ocrx_word' id='word_1_7' title='bbox 789 377 1058 438; x_wconf 85' lang='lat' dir='ltr'>undecim</span> <span class='ocrx_word' id='word_1_8' title='bbox 1094 380 1309 450; x_wconf 85' lang='lat' dir='ltr'>millia,</span> <span class='ocrx_word' id='word_1_9' title='bbox 1339 375 1466 437; x_wconf 87' lang='lat' dir='ltr'>Ro·-</span> <span class='ocrx_word' id='word_1_10' title='bbox 1494 394 1679 433; x_wconf 54' lang='grc' dir='ltr'>εει-εει</span> 
     </span>
     <span class='ocr_line' id='line_1_3' title="bbox 49 457 1684 555; baseline 0.001 -39"><span class='ocrx_word' id='word_1_11' title='bbox 49 476 391 517; x_wconf 84' lang='lat' dir='ltr'>manorum</span> <span class='ocrx_word' id='word_1_12' title='bbox 468 460 724 539; x_wconf 87' lang='lat' dir='ltr'>quinque</span> <span class='ocrx_word' id='word_1_13' title='bbox 792 458 969 517; x_wconf 88' lang='lat' dir='ltr'>millia</span> <span class='ocrx_word' id='word_1_14' title='bbox 1000 501 1020 530; x_wconf 87' lang='lat'>,</span> <span class='ocrx_word' id='word_1_15' title='bbox 1073 459 1200 521; x_wconf 88' lang='lat' dir='ltr'>sunt</span> <span class='ocrx_word' id='word_1_16' title='bbox 1256 457 1462 520; x_wconf 89' lang='lat' dir='ltr'>occisa.</span> <span class='ocrx_word' id='word_1_17' title='bbox 1484 458 1569 551; x_wconf 54' lang='grc' dir='ltr'>ξε</span> <span class='ocrx_word' id='word_1_18' title='bbox 1591 457 1684 555; x_wconf 51' lang='lat'>{322</span> 
     </span>
     <span class='ocr_line' id='line_1_4' title="bbox 49 535 1586 619; baseline 0.001 -22"><span class='ocrx_word' id='word_1_19' title='bbox 49 535 213 597; x_wconf 86' lang='lat' dir='ltr'>Galli</span> <span class='ocrx_word' id='word_1_20' title='bbox 255 558 566 619; x_wconf 84' lang='lat' dir='ltr'>recepere</span> <span class='ocrx_word' id='word_1_21' title='bbox 600 539 660 597; x_wconf 89' lang='lat' dir='ltr'>in</span> <span class='ocrx_word' id='word_1_22' title='bbox 687 539 886 598; x_wconf 88' lang='lat' dir='ltr'>intima</span> <span class='ocrx_word' id='word_1_23' title='bbox 915 537 1117 600; x_wconf 87' lang='lat' dir='ltr'>finium</span> <span class='ocrx_word' id='word_1_24' title='bbox 1145 539 1278 601; x_wconf 89' lang='lat' dir='ltr'>sese.</span> <span class='ocrx_word' id='word_1_25' title='bbox 1308 538 1469 603; x_wconf 84' lang='lat' dir='ltr'>Con-</span> <span class='ocrx_word' id='word_1_26' title='bbox 1575 536 1586 548; x_wconf 83' lang='grc'>’</span> 
     </span>
     <span class='ocr_line' id='line_1_5' title="bbox 49 614 1468 702; baseline 0.004 -27"><span class='ocrx_word' id='word_1_27' title='bbox 49 614 133 688; x_wconf 64' lang='lat' dir='ltr'>ffil</span> <span class='ocrx_word' id='word_1_28' title='bbox 163 618 558 679; x_wconf 82' lang='lat' dir='ltr'>Placentiam</span> <span class='ocrx_word' id='word_1_29' title='bbox 603 619 861 701; x_wconf 86' lang='lat' dir='ltr'><strong>legiones</strong></span> <span class='ocrx_word' id='word_1_30' title='bbox 900 619 1080 682; x_wconf 81' lang='lat' dir='ltr'>duxit.</span> <span class='ocrx_word' id='word_1_31' title='bbox 1133 619 1468 702; x_wconf 79' lang='lat' dir='ltr'>Scipionem</span> 
     </span>
     <span class='ocr_line' id='line_1_6' title="bbox 51 695 1469 783; baseline 0.005 -29"><span class='ocrx_word' id='word_1_32' title='bbox 51 695 149 756; x_wconf 81' lang='lat' dir='ltr'>alii</span> <span class='ocrx_word' id='word_1_33' title='bbox 172 743 192 773; x_wconf 88' lang='lat'><strong>,</strong></span> <span class='ocrx_word' id='word_1_34' title='bbox 227 698 578 777; x_wconf 72' lang='lat' dir='ltr'>conjun&amp;o</span> <span class='ocrx_word' id='word_1_35' title='bbox 612 701 863 762; x_wconf 84' lang='lat' dir='ltr'>exercitu</span> <span class='ocrx_word' id='word_1_36' title='bbox 901 722 1035 760; x_wconf 91' lang='lat' dir='ltr'>cum</span> <span class='ocrx_word' id='word_1_37' title='bbox 1068 701 1292 783; x_wconf 82' lang='lat' dir='ltr'>collega</span> <span class='ocrx_word' id='word_1_38' title='bbox 1313 744 1330 773; x_wconf 91' lang='lat'>,</span> <span class='ocrx_word' id='word_1_39' title='bbox 1365 721 1469 781; x_wconf 80' lang='lat' dir='ltr'>per</span> 
     </span>
     <span class='ocr_line' id='line_1_7' title="bbox 49 775 1469 864; baseline 0.001 -26"><span class='ocrx_word' id='word_1_40' title='bbox 49 775 362 840; x_wconf 83' lang='lat' dir='ltr'>Boiorum</span> <span class='ocrx_word' id='word_1_41' title='bbox 424 779 817 863; x_wconf 86' lang='lat' dir='ltr'>Ligurumque</span> <span class='ocrx_word' id='word_1_42' title='bbox 872 803 904 843; x_wconf 85' lang='lat' dir='ltr'>a</span> <span class='ocrx_word' id='word_1_43' title='bbox 943 802 1040 842; x_wconf 86' lang='lat' dir='ltr'>ros</span> <span class='ocrx_word' id='word_1_44' title='bbox 1090 783 1469 864; x_wconf 85' lang='lat' dir='ltr'>populantem</span> 
     </span>
     <span class='ocr_line' id='line_1_8' title="bbox 54 856 1472 944; baseline 0.003 -27"><span class='ocrx_word' id='word_1_45' title='bbox 54 856 153 918; x_wconf 84' lang='lat' dir='ltr'>isse</span> <span class='ocrx_word' id='word_1_46' title='bbox 181 905 202 933; x_wconf 87' lang='lat'>‚</span> <span class='ocrx_word' id='word_1_47' title='bbox 305 860 487 920; x_wconf 83' lang='lat' dir='ltr'>uoad</span> <span class='ocrx_word' id='word_1_48' title='bbox 549 861 822 944; x_wconf 87' lang='lat' dir='ltr'>progredi</span> <span class='ocrx_word' id='word_1_49' title='bbox 902 862 1062 943; x_wconf 84' lang='lat' dir='ltr'>ylvae</span> <span class='ocrx_word' id='word_1_50' title='bbox 1163 860 1472 943; x_wconf 85' lang='lat' dir='ltr'>aludesque</span> 
     </span>
    </p>

    <p class='ocr_par' dir='ltr' id='par_1_2' title="bbox 256 883 1472 1018">
     <span class='ocr_line' id='line_1_9' title="bbox 256 883 1472 1018; baseline 0.001 -18"><span class='ocrx_word' id='word_1_51' title='bbox 256 883 400 1001; x_wconf 48' lang='lat' dir='ltr'>tiint</span> <span class='ocrx_word' id='word_1_52' title='bbox 423 985 445 1014; x_wconf 91' lang='lat'><strong><em>‚</em></strong></span> <span class='ocrx_word' id='word_1_53' title='bbox 481 939 731 1002; x_wconf 88' lang='lat' dir='ltr'>scribunt</span> <span class='ocrx_word' id='word_1_54' title='bbox 765 963 779 1002; x_wconf 90' lang='lat'>:</span> <span class='ocrx_word' id='word_1_55' title='bbox 820 943 954 1018; x_wconf 88' lang='lat' dir='ltr'>alii,</span> <span class='ocrx_word' id='word_1_56' title='bbox 983 887 1158 1004; x_wconf 39' lang='lat' dir='ltr'>null}&gt;</span> <span class='ocrx_word' id='word_1_57' title='bbox 1178 963 1472 1004; x_wconf 86' lang='lat' dir='ltr'>memora-</span> 
     </span>
    </p>
   </div>
   <div class='ocr_carea' id='block_1_2' title="bbox 63 1019 1471 1162">
    <p class='ocr_par' dir='ltr' id='par_1_3' title="bbox 63 1019 1471 1162">
     <span class='ocr_line' id='line_1_10' title="bbox 63 1019 1471 1160; baseline 0.005 -83"><span class='ocrx_word' id='word_1_58' title='bbox 63 1019 163 1160; x_wconf 83' lang='lat' dir='ltr'>Rili</span> <span class='ocrx_word' id='word_1_59' title='bbox 212 1041 282 1082; x_wconf 88' lang='lat' dir='ltr'>re</span> <span class='ocrx_word' id='word_1_60' title='bbox 343 1019 519 1106; x_wconf 63' lang='lat' dir='ltr'>gesta</span> <span class='ocrx_word' id='word_1_61' title='bbox 543 1068 564 1098; x_wconf 88' lang='lat'>‚</span> <span class='ocrx_word' id='word_1_62' title='bbox 609 1024 975 1085; x_wconf 86' lang='lat' dir='ltr'>comitiorum</span> <span class='ocrx_word' id='word_1_63' title='bbox 1028 1026 1197 1086; x_wconf 61' lang='lat' dir='ltr'>causa</span> <span class='ocrx_word' id='word_1_64' title='bbox 1245 1021 1471 1085; x_wconf 83' lang='lat' dir='ltr'>rediisse</span> 
     </span>
     <span class='ocr_line' id='line_1_11' title="bbox 119 1121 353 1162; baseline -0.004 -1"><span class='ocrx_word' id='word_1_65' title='bbox 119 1121 353 1162; x_wconf 82' lang='lat' dir='ltr'>ornam.</span> 
     </span>
    </p>
   </div>
   <div class='ocr_carea' id='block_1_3' title="bbox 75 1180 1696 2871">
    <p class='ocr_par' dir='ltr' id='par_1_4' title="bbox 75 1180 1696 1998">
     <span class='ocr_line' id='line_1_12' title="bbox 146 1180 1470 1266; baseline 0.003 -23"><span class='ocrx_word' id='word_1_66' title='bbox 146 1180 458 1245; x_wconf 85' lang='lat' dir='ltr'><strong>XLVIII.</strong></span> <span class='ocrx_word' id='word_1_67' title='bbox 491 1182 718 1245; x_wconf 85' lang='lat' dir='ltr'>Eodem</span> <span class='ocrx_word' id='word_1_68' title='bbox 749 1184 863 1246; x_wconf 88' lang='lat' dir='ltr'>hoc</span> <span class='ocrx_word' id='word_1_69' title='bbox 897 1207 1052 1247; x_wconf 86' lang='lat' dir='ltr'>anno</span> <span class='ocrx_word' id='word_1_70' title='bbox 1084 1184 1163 1247; x_wconf 88' lang='lat' dir='ltr'>T.</span> <span class='ocrx_word' id='word_1_71' title='bbox 1194 1184 1470 1266; x_wconf 79' lang='lat' dir='ltr'>Quintius</span> 
     </span>
     <span class='ocr_line' id='line_1_13' title="bbox 75 1256 1467 1348; baseline 0.006 -29"><span class='ocrx_word' id='word_1_72' title='bbox 75 1256 276 1323; x_wconf 84' lang='lat' dir='ltr'>Elatiae</span> <span class='ocrx_word' id='word_1_73' title='bbox 299 1308 322 1338; x_wconf 87' lang='lat'>‚</span> <span class='ocrx_word' id='word_1_74' title='bbox 360 1265 492 1346; x_wconf 75' lang='lat' dir='ltr'>quo</span> <span class='ocrx_word' id='word_1_75' title='bbox 526 1267 589 1325; x_wconf 89' lang='lat' dir='ltr'>in</span> <span class='ocrx_word' id='word_1_76' title='bbox 622 1266 861 1326; x_wconf 87' lang='lat' dir='ltr'>hiberna</span> <span class='ocrx_word' id='word_1_77' title='bbox 896 1266 1200 1328; x_wconf 85' lang='lat' dir='ltr'>reduxerat</span> <span class='ocrx_word' id='word_1_78' title='bbox 1232 1269 1425 1348; x_wconf 83' lang='lat' dir='ltr'>copias</span> <span class='ocrx_word' id='word_1_79' title='bbox 1444 1311 1467 1342; x_wconf 89' lang='lat'>‚</span> 
     </span>
     <span class='ocr_line' id='line_1_14' title="bbox 79 1345 1467 1427; baseline 0.006 -29"><span class='ocrx_word' id='word_1_80' title='bbox 79 1355 269 1404; x_wconf 78' lang='lat' dir='ltr'>totum</span> <span class='ocrx_word' id='word_1_81' title='bbox 309 1346 537 1406; x_wconf 68' lang='lat' dir='ltr'>hiemis</span> <span class='ocrx_word' id='word_1_82' title='bbox 581 1362 811 1427; x_wconf 87' lang='lat' dir='ltr'>tempus</span> <span class='ocrx_word' id='word_1_83' title='bbox 849 1345 974 1427; x_wconf 80' lang='lat' dir='ltr'>jure</span> <span class='ocrx_word' id='word_1_84' title='bbox 1026 1347 1276 1410; x_wconf 84' lang='lat' dir='ltr'>dicundo</span> <span class='ocrx_word' id='word_1_85' title='bbox 1318 1369 1467 1410; x_wconf 87' lang='lat' dir='ltr'>con-</span> 
     </span>
     <span class='ocr_line' id='line_1_15' title="bbox 85 1418 1467 1524; baseline 0.006 -44"><span class='ocrx_word' id='word_1_86' title='bbox 85 1418 320 1519; x_wconf 79' lang='lat' dir='ltr'>sumpsit</span> <span class='ocrx_word' id='word_1_87' title='bbox 345 1470 368 1501; x_wconf 89' lang='lat'>‚</span> <span class='ocrx_word' id='word_1_88' title='bbox 399 1425 698 1487; x_wconf 74' lang='lat' dir='ltr'>mutandis</span> <span class='ocrx_word' id='word_1_89' title='bbox 768 1447 802 1487; x_wconf 91' lang='lat' dir='ltr'>e</span> <span class='ocrx_word' id='word_1_90' title='bbox 838 1430 906 1487; x_wconf 85' lang='lat' dir='ltr'>iis</span> <span class='ocrx_word' id='word_1_91' title='bbox 927 1473 947 1503; x_wconf 89' lang='lat'><strong>,</strong></span> <span class='ocrx_word' id='word_1_92' title='bbox 990 1450 1119 1511; x_wconf 86' lang='lat' dir='ltr'>quae</span> <span class='ocrx_word' id='word_1_93' title='bbox 1160 1447 1255 1490; x_wconf 87' lang='lat' dir='ltr'>aut</span> <span class='ocrx_word' id='word_1_94' title='bbox 1292 1428 1467 1524; x_wconf 73' lang='lat' dir='ltr'>ipsius</span> 
     </span>
     <span class='ocr_line' id='line_1_16' title="bbox 83 1498 1530 1591; baseline 0.006 -31"><span class='ocrx_word' id='word_1_95' title='bbox 83 1498 385 1586; x_wconf 78' lang='lat' dir='ltr'>Phihppi,</span> <span class='ocrx_word' id='word_1_96' title='bbox 427 1522 527 1567; x_wconf 85' lang='lat' dir='ltr'>aut</span> <span class='ocrx_word' id='word_1_97' title='bbox 568 1527 683 1587; x_wconf 83' lang='lat' dir='ltr'>prae</span> <span class='ocrx_word' id='word_1_98' title='bbox 711 1506 964 1569; x_wconf 65' lang='lat' dir='ltr'>eciorum</span> <span class='ocrx_word' id='word_1_99' title='bbox 998 1508 1123 1591; x_wconf 77' lang='lat' dir='ltr'>ejus</span> <span class='ocrx_word' id='word_1_100' title='bbox 1150 1509 1379 1570; x_wconf 63' lang='lat' dir='ltr'>licentia</span> <span class='ocrx_word' id='word_1_101' title='bbox 1408 1511 1470 1569; x_wconf 85' lang='lat' dir='ltr'>in</span> <span class='ocrx_word' id='word_1_102' title='bbox 1525 1572 1530 1577; x_wconf 62' lang='grc'>,</span> 
     </span>
     <span class='ocr_line' id='line_1_17' title="bbox 95 1582 1473 1672; baseline 0.004 -31"><span class='ocrx_word' id='word_1_103' title='bbox 95 1582 430 1647; x_wconf 79' lang='lat' dir='ltr'>civitatibus</span> <span class='ocrx_word' id='word_1_104' title='bbox 464 1585 611 1647; x_wconf 60' lang='lat' dir='ltr'>facia</span> <span class='ocrx_word' id='word_1_105' title='bbox 648 1605 808 1649; x_wconf 89' lang='lat' dir='ltr'>erant</span> <span class='ocrx_word' id='word_1_106' title='bbox 831 1636 850 1664; x_wconf 92' lang='lat'>‚</span> <span class='ocrx_word' id='word_1_107' title='bbox 893 1611 1106 1672; x_wconf 87' lang='lat' dir='ltr'>quum,</span> <span class='ocrx_word' id='word_1_108' title='bbox 1135 1589 1248 1649; x_wconf 85' lang='lat' dir='ltr'>suae</span> <span class='ocrx_word' id='word_1_109' title='bbox 1279 1587 1473 1647; x_wconf 66' lang='lat' dir='ltr'>faetio·</span> 
     </span>
     <span class='ocr_line' id='line_1_18' title="bbox 97 1662 1472 1751; baseline -0.002 -24"><span class='ocrx_word' id='word_1_110' title='bbox 97 1662 175 1721; x_wconf 76' lang='lat' dir='ltr'>nis</span> <span class='ocrx_word' id='word_1_111' title='bbox 206 1666 532 1728; x_wconf 86' lang='lat' dir='ltr'>hominum</span> <span class='ocrx_word' id='word_1_112' title='bbox 561 1671 712 1730; x_wconf 80' lang='lat' dir='ltr'>vires</span> <span class='ocrx_word' id='word_1_113' title='bbox 732 1671 996 1751; x_wconf 86' lang='lat' dir='ltr'>augendo</span> <span class='ocrx_word' id='word_1_114' title='bbox 1017 1714 1036 1743; x_wconf 90' lang='lat'>‚</span> <span class='ocrx_word' id='word_1_115' title='bbox 1073 1669 1162 1748; x_wconf 76' lang='lat' dir='ltr'>jus</span> <span class='ocrx_word' id='word_1_116' title='bbox 1197 1689 1263 1727; x_wconf 86' lang='lat' dir='ltr'>ac</span> <span class='ocrx_word' id='word_1_117' title='bbox 1302 1667 1472 1726; x_wconf 88' lang='lat' dir='ltr'>liber-</span> 
     </span>
     <span class='ocr_line' id='line_1_19' title="bbox 101 1745 1694 1832; baseline 0.004 -33"><span class='ocrx_word' id='word_1_118' title='bbox 101 1754 272 1806; x_wconf 77' lang='lat' dir='ltr'>tatem</span> <span class='ocrx_word' id='word_1_119' title='bbox 303 1749 565 1810; x_wconf 85' lang='lat' dir='ltr'>aliorum</span> <span class='ocrx_word' id='word_1_120' title='bbox 584 1751 949 1832; x_wconf 88' lang='lat' dir='ltr'>deprimeret.</span> <span class='ocrx_word' id='word_1_121' title='bbox 970 1748 1144 1808; x_wconf 85' lang='lat' dir='ltr'>Veris</span> <span class='ocrx_word' id='word_1_122' title='bbox 1165 1748 1329 1807; x_wconf 88' lang='lat' dir='ltr'>initio</span> <span class='ocrx_word' id='word_1_123' title='bbox 1352 1745 1470 1806; x_wconf 89' lang='lat' dir='ltr'>Co·</span> <span class='ocrx_word' id='word_1_124' title='bbox 1509 1761 1694 1825; x_wconf 34' lang='lat' dir='ltr'>Quin-rin·</span> 
     </span>
     <span class='ocr_line' id='line_1_20' title="bbox 104 1812 1682 1904; baseline 0.006 -26"><span class='ocrx_word' id='word_1_125' title='bbox 104 1823 348 1888; x_wconf 87' lang='lat' dir='ltr'>rinthum</span> <span class='ocrx_word' id='word_1_126' title='bbox 372 1874 392 1904; x_wconf 89' lang='lat'>‚</span> <span class='ocrx_word' id='word_1_127' title='bbox 427 1847 722 1891; x_wconf 87' lang='lat' dir='ltr'>conventu</span> <span class='ocrx_word' id='word_1_128' title='bbox 752 1828 941 1890; x_wconf 64' lang='lat' dir='ltr'>edicio</span> <span class='ocrx_word' id='word_1_129' title='bbox 958 1873 977 1901; x_wconf 88' lang='lat'><strong>,</strong></span> <span class='ocrx_word' id='word_1_130' title='bbox 998 1829 1161 1889; x_wconf 83' lang='lat' dir='ltr'>venit</span> <span class='ocrx_word' id='word_1_131' title='bbox 1187 1850 1203 1888; x_wconf 89' lang='lat'>:</span> <span class='ocrx_word' id='word_1_132' title='bbox 1235 1829 1315 1887; x_wconf 89' lang='lat' dir='ltr'>ibi</span> <span class='ocrx_word' id='word_1_133' title='bbox 1344 1847 1470 1888; x_wconf 88' lang='lat' dir='ltr'>om·</span> <span class='ocrx_word' id='word_1_134' title='bbox 1489 1812 1682 1901; x_wconf 57' lang='lat' dir='ltr'>fifssflm</span> 
     </span>
     <span class='ocr_line' id='line_1_21' title="bbox 106 1904 1696 1998; baseline 0.007 -40"><span class='ocrx_word' id='word_1_135' title='bbox 106 1904 259 1966; x_wconf 84' lang='lat' dir='ltr'>nium</span> <span class='ocrx_word' id='word_1_136' title='bbox 281 1912 592 1970; x_wconf 84' lang='lat' dir='ltr'>civitatum</span> <span class='ocrx_word' id='word_1_137' title='bbox 611 1910 924 1992; x_wconf 85' lang='lat' dir='ltr'>legationes</span> <span class='ocrx_word' id='word_1_138' title='bbox 943 1910 1003 1969; x_wconf 88' lang='lat' dir='ltr'>in</span> <span class='ocrx_word' id='word_1_139' title='bbox 1023 1911 1315 1970; x_wconf 87' lang='lat' dir='ltr'>concionis</span> <span class='ocrx_word' id='word_1_140' title='bbox 1339 1928 1468 1969; x_wconf 88' lang='lat' dir='ltr'>mo-</span> <span class='ocrx_word' id='word_1_141' title='bbox 1492 1908 1696 1998; x_wconf 45' lang='lat'>35‘23‘421‘</span> 
     </span>
    </p>

    <p class='ocr_par' dir='ltr' id='par_1_5' title="bbox 116 1975 1680 2235">
     <span class='ocr_line' id='line_1_22' title="bbox 117 1975 1680 2064; baseline 0.001 -18"><span class='ocrx_word' id='word_1_142' title='bbox 117 1981 242 2046; x_wconf 81' lang='lat' dir='ltr'>dum</span> <span class='ocrx_word' id='word_1_143' title='bbox 275 1988 648 2052; x_wconf 85' lang='lat' dir='ltr'>circumfusas</span> <span class='ocrx_word' id='word_1_144' title='bbox 686 1988 770 2051; x_wconf 90' lang='lat' dir='ltr'>est</span> <span class='ocrx_word' id='word_1_145' title='bbox 827 1991 1104 2052; x_wconf 87' lang='lat' dir='ltr'>allocutus</span> <span class='ocrx_word' id='word_1_146' title='bbox 1121 2034 1141 2064; x_wconf 91' lang='lat'>‚</span> <span class='ocrx_word' id='word_1_147' title='bbox 1192 1990 1349 2051; x_wconf 87' lang='lat' dir='ltr'>orsus</span> <span class='ocrx_word' id='word_1_148' title='bbox 1398 1989 1467 2049; x_wconf 88' lang='lat' dir='ltr'>ab</span> <span class='ocrx_word' id='word_1_149' title='bbox 1483 1975 1680 2059; x_wconf 68' lang='lat' dir='ltr'>so‘e&#39;tmn</span> 
     </span>
     <span class='ocr_line' id='line_1_23' title="bbox 116 2060 1667 2151; baseline 0.008 -34"><span class='ocrx_word' id='word_1_150' title='bbox 116 2061 240 2126; x_wconf 88' lang='lat' dir='ltr'>inita</span> <span class='ocrx_word' id='word_1_151' title='bbox 268 2074 529 2151; x_wconf 64' lang='lat' dir='ltr'>primum</span> <span class='ocrx_word' id='word_1_152' title='bbox 554 2071 830 2132; x_wconf 86' lang='lat' dir='ltr'>Romanis</span> <span class='ocrx_word' id='word_1_153' title='bbox 862 2074 1106 2132; x_wconf 87' lang='lat' dir='ltr'>amicitia</span> <span class='ocrx_word' id='word_1_154' title='bbox 1133 2093 1266 2131; x_wconf 89' lang='lat' dir='ltr'>cum</span> <span class='ocrx_word' id='word_1_155' title='bbox 1287 2092 1291 2097; x_wconf 84' lang='grc'><em>·</em></span> <span class='ocrx_word' id='word_1_156' title='bbox 1310 2069 1477 2132; x_wconf 83' lang='lat' dir='ltr'>Grae·</span> <span class='ocrx_word' id='word_1_157' title='bbox 1497 2060 1667 2108; x_wconf 73' lang='lat'>“⁶²³⁰“</span> 
     </span>
     <span class='ocr_line' id='line_1_24' title="bbox 124 2147 1476 2235; baseline -0.001 -25"><span class='ocrx_word' id='word_1_158' title='bbox 124 2158 308 2209; x_wconf 72' lang='lat' dir='ltr'>corum</span> <span class='ocrx_word' id='word_1_159' title='bbox 340 2168 519 2235; x_wconf 89' lang='lat' dir='ltr'>gente</span> <span class='ocrx_word' id='word_1_160' title='bbox 539 2196 559 2225; x_wconf 88' lang='lat'>,</span> <span class='ocrx_word' id='word_1_161' title='bbox 582 2153 1083 2234; x_wconf 86' lang='lat' dir='ltr'>&amp;imperatorum</span> <span class='ocrx_word' id='word_1_162' title='bbox 1098 2197 1117 2227; x_wconf 89' lang='lat'>‚</span> <span class='ocrx_word' id='word_1_163' title='bbox 1141 2153 1392 2234; x_wconf 87' lang='lat' dir='ltr'>quiante</span> <span class='ocrx_word' id='word_1_164' title='bbox 1417 2147 1476 2209; x_wconf 90' lang='lat' dir='ltr'>se</span> 
     </span>
    </p>

    <p class='ocr_par' dir='ltr' id='par_1_6' title="bbox 100 2223 1570 2474">
     <span class='ocr_line' id='line_1_25' title="bbox 123 2223 1570 2368; baseline -0.001 -79"><span class='ocrx_word' id='word_1_165' title='bbox 123 2223 174 2280; x_wconf 74' lang='lat' dir='ltr'>in</span> <span class='ocrx_word' id='word_1_166' title='bbox 209 2227 559 2294; x_wconf 85' lang='lat' dir='ltr'>Macedonia</span> <span class='ocrx_word' id='word_1_167' title='bbox 589 2231 854 2305; x_wconf 86' lang='lat' dir='ltr'>fuissent,</span> <span class='ocrx_word' id='word_1_168' title='bbox 893 2231 1114 2313; x_wconf 89' lang='lat' dir='ltr'>suisque</span> <span class='ocrx_word' id='word_1_169' title='bbox 1146 2231 1317 2291; x_wconf 87' lang='lat' dir='ltr'>rebus</span> <span class='ocrx_word' id='word_1_170' title='bbox 1350 2227 1481 2368; x_wconf 67' lang='lat' dir='ltr'>ges-</span> <span class='ocrx_word' id='word_1_171' title='bbox 1559 2299 1570 2308; x_wconf 74' lang='lat'><em>,</em></span> 
     </span>
     <span class='ocr_line' id='line_1_26' title="bbox 125 2305 1483 2395; baseline 0 -26"><span class='ocrx_word' id='word_1_172' title='bbox 125 2305 209 2364; x_wconf 83' lang='lat' dir='ltr'>tis</span> <span class='ocrx_word' id='word_1_173' title='bbox 244 2307 469 2373; x_wconf 86' lang='lat' dir='ltr'>Omnia</span> <span class='ocrx_word' id='word_1_174' title='bbox 495 2333 626 2373; x_wconf 91' lang='lat' dir='ltr'>cum</span> <span class='ocrx_word' id='word_1_175' title='bbox 660 2313 1076 2395; x_wconf 85' lang='lat' dir='ltr'>approbatione</span> <span class='ocrx_word' id='word_1_176' title='bbox 1111 2313 1327 2394; x_wconf 87' lang='lat' dir='ltr'>ingenti</span> <span class='ocrx_word' id='word_1_177' title='bbox 1378 2326 1483 2370; x_wconf 89' lang='lat' dir='ltr'>unt</span> 
     </span>
     <span class='ocr_line' id='line_1_27' title="bbox 133 2386 1483 2474; baseline 0.006 -31"><span class='ocrx_word' id='word_1_178' title='bbox 133 2386 307 2449; x_wconf 81' lang='lat' dir='ltr'>andita</span> <span class='ocrx_word' id='word_1_179' title='bbox 344 2417 364 2468; x_wconf 89' lang='lat'>;</span> <span class='ocrx_word' id='word_1_180' title='bbox 400 2410 780 2474; x_wconf 78' lang='lat' dir='ltr'>praeterquam</span> <span class='ocrx_word' id='word_1_181' title='bbox 803 2413 980 2474; x_wconf 88' lang='lat' dir='ltr'>quum</span> <span class='ocrx_word' id='word_1_182' title='bbox 1016 2392 1087 2451; x_wconf 89' lang='lat' dir='ltr'>ad</span> <span class='ocrx_word' id='word_1_183' title='bbox 1123 2394 1483 2451; x_wconf 84' lang='lat' dir='ltr'>mentionem</span> 
     </span>
    </p>

    <p class='ocr_par' dir='ltr' id='par_1_7' title="bbox 78 2460 1488 2634">
     <span class='ocr_line' id='line_1_28' title="bbox 134 2460 1485 2545; baseline 0.005 -21"><span class='ocrx_word' id='word_1_184' title='bbox 134 2460 364 2533; x_wconf 83' lang='lat' dir='ltr'>Nabidis</span> <span class='ocrx_word' id='word_1_185' title='bbox 397 2491 639 2534; x_wconf 85' lang='lat' dir='ltr'>ventum</span> <span class='ocrx_word' id='word_1_186' title='bbox 673 2471 844 2545; x_wconf 86' lang='lat' dir='ltr'>esset,</span> <span class='ocrx_word' id='word_1_187' title='bbox 886 2474 946 2532; x_wconf 91' lang='lat' dir='ltr'>id</span> <span class='ocrx_word' id='word_1_188' title='bbox 986 2473 1222 2532; x_wconf 71' lang='lat' dir='ltr'>minime</span> <span class='ocrx_word' id='word_1_189' title='bbox 1266 2492 1485 2541; x_wconf 59' lang='lat' dir='ltr'>conve-,-</span> 
     </span>
     <span class='ocr_line' id='line_1_29' title="bbox 78 2545 1488 2634; baseline 0.009 -35"><span class='ocrx_word' id='word_1_190' title='bbox 78 2588 79 2591; x_wconf 18' lang='lat'>¹</span> <span class='ocrx_word' id='word_1_191' title='bbox 138 2545 285 2610; x_wconf 81' lang='lat' dir='ltr'>niens</span> <span class='ocrx_word' id='word_1_192' title='bbox 303 2553 567 2613; x_wconf 80' lang='lat' dir='ltr'>libe-tanti</span> <span class='ocrx_word' id='word_1_193' title='bbox 600 2551 886 2614; x_wconf 87' lang='lat' dir='ltr'>Graeciam</span> <span class='ocrx_word' id='word_1_194' title='bbox 915 2552 1254 2627; x_wconf 85' lang='lat' dir='ltr'>videbatur,</span> <span class='ocrx_word' id='word_1_195' title='bbox 1283 2569 1488 2634; x_wconf 84' lang='lat' dir='ltr'>tyran-</span> 
     </span>
    </p>

    <p class='ocr_par' dir='ltr' id='par_1_8' title="bbox 80 2632 1490 2719">
     <span class='ocr_line' id='line_1_30' title="bbox 80 2632 1490 2716; baseline 0 -24"><span class='ocrx_word' id='word_1_196' title='bbox 80 2640 85 2697; x_wconf 69' lang='grc' dir='ltr'><strong>ὲ</strong></span> <span class='ocrx_word' id='word_1_197' title='bbox 142 2642 265 2688; x_wconf 75' lang='lat' dir='ltr'>num</span> <span class='ocrx_word' id='word_1_198' title='bbox 293 2635 399 2694; x_wconf 89' lang='lat' dir='ltr'>reli</span> <span class='ocrx_word' id='word_1_199' title='bbox 445 2633 578 2696; x_wconf 84' lang='lat' dir='ltr'>uisse</span> <span class='ocrx_word' id='word_1_200' title='bbox 601 2680 620 2708; x_wconf 92' lang='lat'>,</span> <span class='ocrx_word' id='word_1_201' title='bbox 647 2656 765 2694; x_wconf 89' lang='lat' dir='ltr'>non</span> <span class='ocrx_word' id='word_1_202' title='bbox 796 2632 908 2694; x_wconf 84' lang='lat' dir='ltr'>suae</span> <span class='ocrx_word' id='word_1_203' title='bbox 937 2634 1121 2694; x_wconf 72' lang='lat' dir='ltr'>solum</span> <span class='ocrx_word' id='word_1_204' title='bbox 1146 2636 1340 2716; x_wconf 78' lang='lat' dir='ltr'>patriae</span> <span class='ocrx_word' id='word_1_205' title='bbox 1365 2654 1490 2716; x_wconf 86' lang='lat' dir='ltr'>gra-</span> 
     </span>
    </p>

    <p class='ocr_par' dir='ltr' id='par_1_9' title="bbox 143 2656 1492 2783">
     <span class='ocr_line' id='line_1_31' title="bbox 143 2656 1492 2783; baseline 0 -10"><span class='ocrx_word' id='word_1_206' title='bbox 143 2722 307 2783; x_wconf 65' lang='lat' dir='ltr'>vem,</span> <span class='ocrx_word' id='word_1_207' title='bbox 341 2656 443 2774; x_wconf 66' lang='grc' dir='ltr'>(εὲ</span> <span class='ocrx_word' id='word_1_208' title='bbox 482 2714 750 2775; x_wconf 88' lang='lat' dir='ltr'>omnibus</span> <span class='ocrx_word' id='word_1_209' title='bbox 792 2716 942 2775; x_wconf 69' lang='lat' dir='ltr'>circa</span> <span class='ocrx_word' id='word_1_210' title='bbox 996 2717 1320 2776; x_wconf 87' lang='lat' dir='ltr'>civitatibus</span> <span class='ocrx_word' id='word_1_211' title='bbox 1364 2735 1492 2774; x_wconf 81' lang='lat' dir='ltr'>me·</span> 
     </span>
    </p>

    <p class='ocr_par' dir='ltr' id='par_1_10' title="bbox 146 2791 1493 2871">
     <span class='ocr_line' id='line_1_32' title="bbox 146 2791 1493 2871; baseline 0.003 -24"><span class='ocrx_word' id='word_1_212' title='bbox 146 2792 406 2855; x_wconf 84' lang='lat' dir='ltr'>tuendum</span> <span class='ocrx_word' id='word_1_213' title='bbox 427 2841 447 2871; x_wconf 88' lang='lat'><strong>,</strong></span> <span class='ocrx_word' id='word_1_214' title='bbox 490 2795 802 2856; x_wconf 87' lang='lat' dir='ltr'>haerentem</span> <span class='ocrx_word' id='word_1_215' title='bbox 854 2795 1165 2856; x_wconf 82' lang='lat' dir='ltr'>visceribus</span> <span class='ocrx_word' id='word_1_216' title='bbox 1215 2791 1493 2855; x_wconf 89' lang='lat' dir='ltr'>nobiliffi-</span> 
     </span>
    </p>
   </div>
   <div class='ocr_carea' id='block_1_4' title="bbox 148 2873 1498 3021">
    <p class='ocr_par' dir='ltr' id='par_1_11' title="bbox 148 2873 1498 3021">
     <span class='ocr_line' id='line_1_33' title="bbox 148 2873 1498 2959; baseline 0.001 -29"><span class='ocrx_word' id='word_1_217' title='bbox 148 2876 245 2925; x_wconf 69' lang='lat' dir='ltr'>111ae</span> <span class='ocrx_word' id='word_1_218' title='bbox 262 2873 523 2937; x_wconf 82' lang='lat' dir='ltr'>civitatis.</span> <span class='ocrx_word' id='word_1_219' title='bbox 546 2875 675 2939; x_wconf 86' lang='lat' dir='ltr'>Nee</span> <span class='ocrx_word' id='word_1_220' title='bbox 695 2879 922 2959; x_wconf 85' lang='lat' dir='ltr'>ignarus</span> <span class='ocrx_word' id='word_1_221' title='bbox 943 2874 1110 2958; x_wconf 81' lang='lat' dir='ltr'>hujus</span> <span class='ocrx_word' id='word_1_222' title='bbox 1131 2874 1356 2937; x_wconf 70' lang='lat' dir='ltr'>habitus</span> <span class='ocrx_word' id='word_1_223' title='bbox 1378 2874 1498 2933; x_wconf 79' lang='lat' dir='ltr'>ani·-</span> 
     </span>
     <span class='ocr_line' id='line_1_34' title="bbox 226 2950 1260 3021; baseline 0.005 -11"><span class='ocrx_word' id='word_1_224' title='bbox 226 2950 415 3018; x_wconf 77' lang='lat' dir='ltr'>Tomus</span> <span class='ocrx_word' id='word_1_225' title='bbox 461 2960 533 3021; x_wconf 79' lang='lat' dir='ltr'>V.</span> <span class='ocrx_word' id='word_1_226' title='bbox 1187 2953 1260 3015; x_wconf 89' lang='lat' dir='ltr'><strong>M</strong></span> 
     </span>
    </p>
   </div>
  </div>
 </body>
</html>
