2017 3609
262 162 715 286 ‘LIBER
814 216 1263 303 XXXIV.
1346 242 1475 316 273

95 322 202 389 lius
221 325 501 392 Siciliam
518 375 535 405 ‚
554 332 621 394 L.
639 333 875 396 Porcius
898 331 1215 395 Sardiniam
1231 380 1250 409 ‚
1274 330 1489 395 &Fla-
1507 358 1705 393 a·

82 413 310 475 minius
352 411 707 495 Hispaniam
735 416 1063 475 citeriorem
1085 459 1103 490 ,
1140 414 1229 476 Μ.
1253 414 1490 477 Fulvius
1511 415 1706 462 ‘Le-55⁹·

104 483 211 550 His
246 495 453 553 aniam
489 495 850 557 ulteriorem.

228 572 342 634 VI.
374 573 554 635 Nihil
586 577 726 636 belli
752 596 824 636 eo
855 596 1006 637 anno
1039 574 1489 658 exspeRantibus

108 653 449 745 fonsulibus
479 700 500 731 ,
542 656 741 717 litterae
781 656 870 716 M.
911 655 1103 719 Cincii
1148 654 1490 751 (Pfaefessius

1505 477 1545 505 a.
1559 464 1712 513 00173.

113 754 157 826 ιε.
190 733 330 795 Pifis
363 736 547 818 erat)
592 737 773 827 allatae
800 759 816 796 ε
848 739 1106 819 Ligurum
1140 740 1342 819 vagum·
1373 730 1710 851 milss‘sszgffif

115 815 188 872 lta
224 835 608 890 armatorum,
635 838 1002 899 conjurattone
1026 840 1123 900 per
1149 821 1337 879 omnia
1365 839 1491 877 con·
1511 857 1585 896 ἀρ,

114 892 380 957 ciliabula
401 898 669 977 universa:
682 897 1016 980 gentisfhblci
1029 945 1050 971 ,
1072 897 1362 977 Lunensem
1375 899 1495 980 pri·

121 975 251 1035 micm
273 1000 479 1060 agrum
505 979 860 1060 depopulatos
876 1025 894 1053 ‚
924 979 1187 1054 Pifimum
1213 982 1404 1041 deinde
1415 980 1497 1058 fi-

118 1077 224 1133 nem
244 1050 599 1140 transgreffin
612 1104 634 1131 ,
654 1074 857 1121 omnem
873 1083 1022 1121 oram
1039 1064 1203 1120 maris
1221 1058 1500 1142 peragras*-

116 1133 185 1211 se.
205 1135 416 1221 Itaque
446 1139 742 1200 Minucius
756 1140 984 1212 consul,
1001 1143 1093 1200 cui
1113 1140 1178 1200 Li
1221 1161 1347 1200 ures
1365 1162 1494 1222 pro·

125 1222 306 1281 vincia
333 1236 625 1281 evenerat
646 1266 665 1296 ,
702 1241 776 1280 ex
812 1219 1141 1281 au&odtate
1224 1239 1403 1282 atrum
1432 1227 1491 1284 in

128 1299 325 1362 Rostra
357 1301 654 1383 ascendit,
675 1304 739 1364 ὅ(
767 1301 944 1362 edixit
963 1346 982 1377 ‚
1019 1306 1099 1363 Ut
1123 1303 1355 1385 legiones
1371 1307 1490 1365 dua

130 1384 336 1444 urbanoe
356 1426 380 1457 ‚
423 1407 546 1465 quae
570 1381 838 1464 superiore
883 1406 1031 1444 anno
1072 1382 1270 1462 conseri
1308 1404 1374 1444 tae
1412 1382 1497 1464 es}

126 1459 232 1537 sent
251 1506 269 1536 ‚
297 1468 424 1547 post
449 1470 593 1526 diem
619 1465 876 1524 decimum
905 1466 1108 1525 Arretii
1141 1406 1375 1541 adeffint
1394 1487 1411 1525 ε
1431 1469 1493 1537 ia

138 1564 302 1605 earum
317 1547 507 1607 locum
488 1546 579 1686 ¹se
599 1549 741 1606 duas
759 1546 993 1627 legiones
1017 1547 1254 1605 urbanas
1258 1542 1494 1626 seriptu-

133 1644 253 1685 rum.
288 1625 451 1688 Item
512 1629 653 1689 ociis
700 1627 766 1687 ὅτ.
816 1626 1023 1686 Latino
1071 1625 1290 1684 nomini
1308 1665 1335 1694 ,
1371 1644 1498 1695 ma·

139 1703 455 1784 gistratibus
501 1706 807 1791 legatisque
857 1726 1062 1766 eorum
1085 1749 1106 1779 ‚
1144 1705 1241 1783 qui
1285 1703 1497 1771 milites

143 1784 261 1846 dare
293 1789 596 1851 debebant
617 1835 637 1862 ‚
678 1787 856 1847 edixit
878 1831 897 1860 ‚
927 1802 990 1845 ut
1025 1786 1084 1843 in
1120 1782 1408 1862 Capitolio
1437 1781 1497 1844 se

143 1866 366 1930 adirent.
406 1868 494 1933 Iis
530 1867 861 1952 quindecim
903 1864 1084 1925 millia
1131 1863 1387 1946 peditum
1430 1864 1498 1929 &

148 1950 482 2032 quingentos
516 1972 550 2012 e
593 1952 740 2011 uites
761 1994 779 2023 ‚
812 1970 919 2031 pro
953 1967 1194 2007 numero
1228 1943 1500 2027 cujusque

148 2023 427 2104 iuniorum
447 2074 466 2104 ‚
493 2031 563 2091 de
593 2028 780 2112 cripfit
810 2051 830 2104 3
870 2031 933 2092 &
961 2029 1096 2093 inde
1139 2048 1171 2088 e
1205 2023 1503 2107 Capitolio

154 2114 399 2187 protinus
430 2116 513 2173 ire
554 2113 628 2173 ad
666 2127 892 2193 portam
914 2155 935 2181 ,
959 2113 1062 2183 &,
1092 2124 1155 2168 ut
1193 2123 1509 2166 maturare·

156 2203 235 2249 tur
267 2214 359 2255 res
380 2241 400 2271 ‚
436 2190 719 2276 proficisci
753 2191 829 2250 ad
859 2188 1145 2249 delefium
1169 2183 1339 2266 juffit.
1364 2185 1504 2245 Ful·-

155 2272 246 2331 vio
268 2273 671 2356 Flaminioque
711 2289 870 2331 terna
897 2270 1077 2329 millia
1103 2268 1503 2329 Romanorum

159 2352 411 2429 pediturn
445 2358 508 2418 &
544 2354 768 2416 centeni
800 2353 1021 2432 equites
1054 2351 1114 2408 in
1141 2346 1508 2443 supplemen-

160 2448 270 2492 tum
290 2480 309 2508 ‚
346 2441 414 2499 ὅ(
446 2438 619 2519 quina
647 2432 819 2492 millia
854 2430 1071 2491 socium
1101 2427 1286 2489 Latini
1321 2429 1507 2488 nomi-

163 2514 239 2571 nis
271 2517 336 2577 ὅ(
368 2518 577 2578 duceni
612 2516 834 2597 equites
858 2511 1070 2571 decreti
1103 2532 1121 2584 ;
1156 2507 1508 2571 mandatum·

151 2611 267 2671 .que
294 2598 627 2677 praetoribus
653 2640 671 2670 ,
690 2612 752 2655 ut
771 2608 998 2655 veteres
1031 2592 1375 2652 dimitterent
1397 2592 1512 2650 mi·-

163 2669 282 2734 lites
298 2720 316 2749 ‚
341 2700 517 2760 quum
541 2680 599 2747 in
621 2677 975 2758 provinciam
992 2670 1282 2736 venissent.
1307 2669 1515 2751 Quum

157 2755 367 2823 ‚milites
381 2804 402 2834 ‚
414 2762 511 2841 qui
529 2761 588 2818 in
605 2757 922 2840 legionibus
941 2756 1171 2817 urbanis
1191 2768 1351 2815 erant
1368 2797 1387 2826 ‚
1405 2749 1519 2811 fre-

158 2852 401 2913 ·quentes
431 2840 690 2902 uibunos
719 2838 904 2920 plebis
922 2832 1202 2973 adm-enixi}
1222 2835 1306 2892 uti
1325 2829 1520 2910 causa}

495 2928 512 2939 “
1239 2933 1283 2975 v
