2017 3609
530 226 877 294 Llsszn
976 179 1460 295 XXXIII.
1535 245 1671 319 149

363 338 487 399 mani
505 338 733 409 victores
755 342 814 400 in
847 337 1027 402 castra
1060 340 1305 403 hostium
1335 340 1432 425 spe
1459 340 1671 425 praedae

359 419 532 495 irruunt
558 442 577 496 3
608 423 814 483 verum
857 443 927 481 ea
973 443 1179 518 magna
1228 421 1347 505 jam
1385 444 1456 484 ex
1504 440 1669 504 parte

358 498 540 580 direpta
562 501 630 561 ab
649 502 861 563 AEtolis
905 505 1223 565 invemunt.
1260 501 1423 565 Caesa
1459 523 1535 564 eo
1570 504 1668 564 die

340 578 464 639 οᾶο
479 579 701 642 hostium
721 583 934 657 millia,
994 586 1205 665 uinque
1227 600 1408 666 capta.
1435 581 1523 643 Ex
1544 587 1667 646 vic·

334 660 535 720 toribus
579 661 919 745 septingenti
955 605 1147 724 {enne
1204 664 1553 725 ceciderunt.
1604 663 1666 724 Si

327 738 549 801 Valerio
578 745 701 823 quis
751 744 945 804 credat
964 787 985 816 ‚
1020 747 1280 805 omnium
1321 764 1515 805 rerum
1554 746 1668 802 im·-

320 821 540 880 modice
557 844 855 884 numerum
874 845 943 885 au
984 828 1100 885 enti
1117 870 1135 900 ,
1231 825 1521 907 adraginta
1538 824 1670 882 rnil-

315 901 410 960 lia
438 900 655 964 hostium
688 924 763 964 eo
801 904 893 964 die
952 923 1053 966 unt
1087 847 1227 966 caessa'i
1260 926 1280 979 ;
1323 921 1487 985 capta
1507 948 1527 977 ,
1564 904 1666 965 ubi

315 979 618 1043 modestius
645 984 1012 1046 mendacium
1050 985 1130 1046 est
1151 1029 1172 1058 ‚
1196 988 1449 1067 quinque
1484 984 1667 1045 millia

311 1059 682 1143 septingenti,
712 1062 868 1148 signa
913 1066 1175 1126 militaria
1206 1068 1447 1126 ducenta
1485 1085 1664 1125 unum

312 1143 390 1204 δι
431 1143 796 1226 quadraginta.
835 1142 1112 1207 Claudius
1154 1166 1386 1228 quoque
1429 1145 1546 1207 duo
1595 1147 1664 1207 &

312 1223 537 1304 triginta
564 1226 742 1286 millia
773 1225 1027 1287 hostium
1061 1225 1199 1286 caesa
1233 1224 1420 1286 scribit
1441 1271 1460 1300 ,
1496 1244 1664 1307 capta

311 1319 560 1383 quatuor
575 1307 754 1366 millia
786 1308 852 1367 δε
878 1323 1183 1369 trecentos.
1224 1305 1350 1366 Nos
1384 1326 1505 1366 non
1547 1307 1666 1365 mi·-

310 1384 477 1443 nimo
503 1384 842 1466 potissimum
870 1407 1118 1447 numero
1157 1388 1502 1448 credidimus
1520 1430 1540 1460 ,
1563 1384 1665 1447 sed

312 1462 617 1545 Polybium
640 1465 817 1527 secuti
841 1466 1029 1529 sumus
1048 1513 1067 1541 ‚
1085 1490 1204 1528 non
1227 1470 1508 1527 incertum
1528 1487 1668 1525 auc-

310 1559 505 1605 torem
565 1568 741 1629 quum
805 1551 1075 1609 omnium'
1120 1548 1511 1615 Romanarum
1572 1566 1666 1604 re-

308 1645 442 1684 rum
465 1670 482 1698 ,
509 1644 624 1686 tum
654 1630 937 1710 praecipue
968 1631 1029 1687 in
1059 1627 1286 1692 Graecia
1319 1624 1620 1709 gestarum.

315 1734 320 1739 ²
390 1704 503 1765 XI.
528 1705 843 1790 Philippus,
864 1707 1121 1770 collectis
1140 1728 1212 1767 ex
1224 1707 1357 1787 fuga
1377 1749 1396 1777 ‚
1414 1707 1544 1785 qui,
1568 1725 1670 1768 va-⁴

311 1786 408 1845 riis
443 1785 668 1849 cafibus—
692 1811 899 1872 pugnae
948 1786 1192 1868 diffipati
1215 1831 1234 1859 ,
1263 1784 1500 1866 vestigia
1542 1781 1669 1864 ejus

301 1863 490 1926 ‚secuti
522 1866 736 1929 fuerant
763 1915 783 1944 ,
810 1868 989 1930 miffis
1020 1889 1092 1928 ue
1114 1865 1377 1928 Larissam
1408 1866 1483 1924 ad
1512 1885 1668 1924 corn·

316 1950 616 2009 mentatios
649 1952 841 2032 regios
874 1970 1006 2011 com
1051 1949 1299 2009 urendos
1318 1991 1338 2020 ‚
1362 1967 1436 2007 ne
1456 1947 1515 2005 in
1542 1944 1672 2006 hos-

313 2027 454 2086 tium
486 2024 740 2090 venirent
779 2028 1152 2111 potestatem,
1175 2032 1232 2089 in
1263 2027 1672 2090 Macedoniam

321 2107 599 2170 eonceffit.
626 2109 942 2190 Quintius,
970 2111 1210 2189 captivis
1240 2108 1547 2190 praedique
1569 2126 1672 2163 ve-

321 2188 594 2249 numdatis
613 2234 631 2265 ,
664 2193 873 2271 partim
920 2190 1089 2251 militi
1135 2187 1448 2259 conceffiS‚
1480 2183 1670 2254 Laris-

318 2264 432 2326 sam
471 2268 551 2328 est
582 2270 868 2352 profectus
887 2313 907 2344 ,
939 2269 1232 2330 hauddum
1261 2268 1389 2329 satis
1425 2286 1627 2349 gnarus
1650 2309 1670 2337 ‚

328 2366 493 2426 quam
526 2357 815 2432 regionem
845 2348 1068 2430 petisset
1097 2370 1236 2421 rex,
1271 2348 1484 2429 quidve
1519 2367 1672 2428 para-

322 2444 420 2487 ret.
450 2425 811 2493 Caduceator
844 2431 919 2490 eb
950 2430 1137 2511 regius
1164 2430 1325 2493 venit
1343 2470 1363 2498 ‚
1393 2426 1672 2507 specie'ut

322 2505 556 2567 induciae
573 2509 745 2572 effent
768 2556 789 2586 ,
810 2511 998 2571 donec
1031 2508 1363 2569 tollerentur
1384 2508 1455 2573 ad
1479 2507 1672 2587 sepul-

326 2600 540 2657 turam,
562 2595 655 2671 qui
691 2594 751 2651 in
785 2594 903 2651 acie
931 2586 1256 2652 cecidiffent
1282 2609 1303 2661 3
1342 2609 1403 2648 re
1426 2591 1563 2648 vera
1596 2587 1668 2647 ad

329 2668 623 2745 petendam
638 2674 868 2735 veniam
886 2672 1086 2754 legatis
1102 2669 1411 2731 mittendis,
1430 2667 1670 2729 Utrum-

375 2764 438 2807 ue
479 2746 552 2808 ab
589 2748 851 2814 Romano
893 2754 1280 2834 impetratum.
1321 2747 1567 2828 Adjefta
1608 2749 1681 2833 &j

329 2765 419 2891 flia
449 2847 604 2905 vox,
640 2833 801 2897 Bono
828 2835 1013 2899 animo
1050 2828 1148 2912 effi
1166 2851 1335 2915 regem*
1359 2826 1685 2916 ut·juberet,

379 2932 386 2937 ·
1277 2905 1436 2988 Gii1

1697 372 1885 405 Ξ

1694 414 1882 478 υ.ς.ςςς’.

1685 476 1885 529 §.Cn-37·

1745 2433 1776 2470 C
1776 2433 1878 2471 adu-

1697 2491 1884 2521 cautorem

1696 2532 1855 2573 lec'p-
1892 2564 1901 2573 ‚

1689 2596 1760 2635 pus
1793 2577 1846 2615 dd

1694 2634 1895 2670 Romano·

1696 2678 1835 2720 mittit.
