2017 3609
283 235 651 307 LIBER
748 237 1196 311 XXXIV.
1280 216 1411 338 2¹3
1495 230 1564 317 ’-

90 342 181 406 nid
205 346 444 412 locamus
475 353 511 412 ,Ρ
539 376 634 413 cur
653 354 801 434 servi
813 401 837 428 ,
876 358 972 438 qui
1000 356 1232 417 militent
1249 401 1271 429 ,
1309 380 1426 420 non
1448 385 1647 419 αξξ-ιιι

95 448 315 490 emuntur
342 436 378 494 ?
411 454 510 493 cur
533 436 739 515 privati
774 459 884 497 non
930 440 1124 498 damus
1168 440 1383 523 remiges
1402 483 1426 511 ,
1452 442 1650 494 ”³45⁷-

85 508 205 585 ficut
242 529 368 572 tunc
400 515 643 575 dedimus
671 518 705 576 ,Ρ
1109 516 1116 521 ’
1451 492 1647 543 ““ε”“”’

163 584 287 653 VII.
321 596 526 654 Omnes
560 595 664 654 alii
693 598 902 658 ordines
919 642 940 670 ,
978 619 1159 658 omnes
1192 598 1429 659 homines

102 674 428 734 mutationem
477 676 539 734 in
574 668 829 738 meliorem
870 681 1075 758 statum
1134 676 1432 758 reipublicae

94 746 298 826 fintient
325 775 355 826 ,·
387 756 469 813 ad
499 754 747 838 conjuges
781 758 989 818 tantum
1030 759 1234 837 nostras
1268 759 1434 838 pacis

106 829 151 887 6·
181 836 592 914 tranquillitatis
612 837 847 917 publicae
863 835 1075 918 fruetus
1110 858 1218 896 non
1246 859 1439 918 petve-

106 909 198 968 niet
222 916 254 973 ?
283 916 540 995 Purpurd
587 918 694 976 viri
742 934 944 977 utemur
959 961 979 990 ,
1023 919 1338 999 ,praetextati
1376 920 1437 978 in

109 995 475 1074 magistratibus
499 1040 519 1070 ‚
562 998 620 1056 in
662 995 979 1075 stacerdotiis
1005 1020 1034 1070 ,·
1080 997 1229 1055 liberi
1277 997 1441 1077 nostri

102 1077 354 1149 pretextis
376 1077 616 1157 purpurei
650 1080 789 1170 togis
826 1094 1041 1137 utentur
1062 1096 1088 1146 ;
1125 1077 1445 1157 magistrati·-

113 1152 196 1210 bus
224 1155 281 1214 in
312 1157 548 1216 coloniis
565 1155 973 1237 municipiisque
992 1201 1016 1226 ,
1045 1153 1132 1214 hic
1147 1158 1330 1215 Romae
1356 1157 1441 1215 in-

105 1230 218 1309 fimo
240 1238 416 1314 generi
450 1238 707 1317 magistris
740 1238 979 1297 vicorum
1009 1252 1140 1316 toga
1169 1234 1438 1315 praetextae

114 1312 347 1374 babendae
359 1314 462 1396 jus
484 1318 848 1397 permittemus
869 1338 897 1388 ,·
920 1337 1017 1376 nec
1043 1317 1107 1375 id
1124 1332 1185 1374 ut
1207 1314 1329 1379 ’τεὶνὶ
1346 1314 1438 1394 [ὸ-

117 1392 210 1451 Ιίιηι
246 1396 480 1454 habeant
522 1412 736 1455 tantum
778 1397 976 1481 insigne
990 1441 1010 1471 ‚
1029 1393 1133 1473 sed
1173 1397 1332 1456 etiam
1375 1413 1443 1456 ut

120 1482 220 1531 tum
256 1497 312 1535 ev
354 1493 640 1537 crementur
665 1479 895 1536 mortui:
913 1473 1139 1556 feminis
1165 1479 1441 1536 duntaxat

114 1556 327 1634 purpura
359 1554 510 1633 usum
546 1558 911 1616 interdicemus
941 1558 975 1615 ?
1013 1556 1066 1615 δ’
1092 1599 1112 1628 ,
1152 1577 1326 1634 ᾳιιιιννι,ι
1347 1555 1448 1613 tibi

123 1634 221 1692 viro
244 1635 408 1695 liceat
422 1639 662 1716 putpurd
690 1637 747 1695 in
771 1639 907 1718 veste
920 1635 1158 1716 stragula
1189 1635 1303 1705 uti,
1331 1655 1446 1691 ma-

127 1729 230 1771 trem
250 1713 486 1795 fhmiliae
518 1733 666 1776 tuam
732 1736 1005 1796 urpureum
1033 1713 1321 1773 amiculum
1347 1713 1450 1771 ha-

129 1793 221 1850 bere
268 1816 379 1855 non
413 1796 564 1873 fines
592 1799 628 1856 ?
775 1816 939 1874 equus
991 1810 1117 1853 tuus
1157 1790 1450 1874 speciofius

130 1873 353 1955 instratus
386 1877 482 1934 erit
498 1919 520 1947 ‚
557 1875 717 1955 qua⁸m
762 1896 906 1934 uxor
935 1875 1120 1954 vestita
1160 1875 1208 1951 ,Ρ
1232 1875 1345 1933 Sed
1389 1874 1450 1933 in

126 1952 332 2033 purpura
349 2000 373 2027 ,
411 1977 526 2035 quae
569 1958 787 2030 teritur,
825 1952 1119 2032 abstemitur
1135 1997 1159 2025 ,
1201 1950 1452 2034 injustam

135 2036 317 2111 quidem
335 2079 359 2106 ,
380 2038 488 2110 Jed
507 2036 751 2114 aliquam
789 2052 963 2094 tamen
999 2033 1213 2111 causam
1252 2035 1454 2114 tenaci-

137 2116 251 2172 tatis
293 2109 447 2174 video
481 2136 507 2186 ‚·
548 2117 605 2174 in
644 2128 773 2174 auro
815 2114 979 2186 νενὸρ
1016 2116 1074 2172 in
1127 2133 1230 2190 quo
1269 2128 1457 2192 praetet

139 2195 311 2253 mantis
341 2197 568 2276 pretium
604 2196 751 2255 nihil
795 2194 1154 2254 intertrimenti
1177 2191 1249 2271 fit
1270 2235 1293 2262 ,
1339 2209 1455 2269 qua:

142 2275 428 2355 malignitas
458 2278 525 2356 est
554 2275 589 2331 ,Ρ
625 2275 945 2354 Ρηεβάὶιιηὶ,
963 2270 1155 2352 potius
1186 2272 1242 2329 in
1280 2290 1340 2328 eo
1369 2270 1456 2350 'est

145 2351 190 2411 6·
219 2357 293 2414 ad
314 2355 558 2436 publicos
576 2398 595 2426 ,
636 2353 692 2413 ᾧ
727 2355 806 2411 ad
815 2354 1066 2432 privatos
1100 2348 1228 2427 ufit's
1252 2391 1275 2419 ,
1298 2350 1462 2427 ficutt'

144 2437 325 2512 experti
360 2437 492 2516 estis.
535 2434 771 2494 Nullam
812 2431 1200 2507 aemulationem
1242 2430 1377 2488 inter
1401 2426 1463 2508 se

133 2513 435 2595 fingularum
455 2508 484 2588 ‚¹
516 2517 734 2594 quando
767 2513 922 2574 nulla
952 2510 1162 2570 haberet
1175 2553 1199 2581 ,
1224 2507 1319 2588 effi:
1355 2513 1467 2571 aie·

148 2593 247 2653 bat.
268 2597 356 2671 stt
367 2639 391 2666 ,
425 2594 659 2657 Hercule
677 2639 697 2668 ,
735 2592 990 2669 univerfis
1029 2590 1184 2650 dolor
1228 2590 1281 2649 δ’
1321 2591 1469 2649 indi-

147 2674 316 2753 gnatio
348 2676 413 2759 est
428 2719 454 2745 ‚
490 2696 650 2754 quum
690 2673 956 2752 sociorum
1002 2671 1193 2733 Latini
1233 2672 1469 2739 nominis

151 2752 390 2831 uzei-ibus
409 2755 596 2814 iridem
621 2776 685 2814 ea
712 2751 950 2832 conceffa
983 2754 1290 2811 ornamenta
1307 2794 1329 2820 ,
1353 2769 1470 2831 quae

141 2831 239 2910 fibi
254 2824 496 2916 adempta
499 2835 611 2916 sint
628 2855 658 2933 ,³⁶
688 2855 848 2919 quum
873 2832 1104 2925 infignes
1121 2828 1213 2891 eas
1233 2826 1332 2929 effe
1342 2846 1475 2888 auro
