2017 3609
361 124 742 196 Ltflzx
842 123 1261 196 XXXII.
1371 144 1500 196 111

115 272 116 279 κ
185 228 499 312 ἢὶεώῐτεύυε
521 287 541 317 ,
569 241 827 304 αειόιιθο
851 263 957 325 per
982 241 1260 305 Isthmum
1294 242 1513 303 exerci·
1539 260 1735 295 εει-εει

192 318 595 391 m‚abLechaeo
610 369 632 398 ‚
652 324 883 385 alterius
907 325 1079 385 maris
1104 340 1310 406 portu,
1328 342 1511 419 oppu-
1535 318 1738 418 ἓξὲξ

188 399 416 478 gmbant3
438 406 634 487 primo
669 403 932 488 segnius,
955 404 1241 487 sperantes
1276 401 1515 465 seditio-

187 497 290 541 nem
315 486 456 545 intus
481 485 608 548 fore
647 488 798 547 inter
844 486 1166 570 oppidanos
1195 507 1260 546 ac
1285 487 1509 569 regium

187 562 503 639 praefidium:
543 565 851 651 postquam
883 589 1000 629 uno
1037 568 1232 629 animo
1267 588 1511 641 omnes,

190 640 241 701 &
264 643 602 710 Macedones
644 667 939 733 tamquam
985 662 1366 710 'communem
1416 669 1517 730 pa-

191 724 313 786 triam
342 729 650 792 tuebantur
669 773 689 803 ‚
721 730 788 793 &
820 727 1109 791 Corinthii
1145 729 1354 790 ducem
1374 749 1517 810 prae·

192 800 283 867 fidii
310 807 814 885 Androsthenem,
840 810 992 871 haud
1026 809 1186 872 secus
1223 808 1398 893 quam
1437 810 1516 870 ci·

188 904 292 975 yem
314 935 333 964 ,
362 892 425 953 ὅτ.
454 888 719 975 suffragio
776 909 1035 953 creatum
1088 892 1189 953 suo
1211 936 1232 966 ,
1263 892 1519 973 imperio

190 965 306 1045 justo
331 974 685 1052 patiebantur
704 995 724 1048 ;
743 975 934 1037 omnis
954 972 1090 1034 inde
1113 971 1238 1055 spes
1258 992 1516 1055 pugnan-

191 1048 311 1110 tibus
341 1055 396 1112 in
425 1056 486 1115 vi
508 1099 529 1129 ‚
570 1054 637 1116 ὅ(
680 1057 852 1115 armis
878 1100 898 1130 ,
935 1054 1002 1115 &
1047 1053 1320 1136 operibus
1369 1071 1515 1116 erat,

192 1126 424 1214 Undique
530 1155 695 1219 geres
726 1136 881 1196 haud
914 1132 1068 1194 facili
1089 1134 1245 1195 aditu
1273 1134 1345 1194 ad
1367 1156 1515 1197 moe·

194 1211 508 1279 niaadmove
554 1233 734 1276 antur.
751 1216 922 1276 Aries
945 1235 1017 1275 ex
1037 1236 1104 1276 ea
1124 1210 1315 1296 parte,
1338 1236 1513 1298 quam

197 1287 402 1356 Romani
427 1297 864 1381 oppugnabant,
885 1297 1232 1379 aliquantum
1255 1298 1402 1357 muri
1431 1297 1518 1358 di·

201 1379 458 1452 ruerat3in
492 1399 673 1462 quem
693 1378 888 1439 locum
912 1424 931 1454 ‚
962 1380 1094 1461 quia
1130 1379 1373 1439 nudatus
1395 1399 1525 1439 mu-

111 1514 117 1521 .
204 1454 414 1521 nimento
451 1477 571 1521 erat
594 1503 615 1535 ,
656 1477 823 1543 prote
866 1459 1078 1521 endum
1123 1461 1291 1520 armis
1338 1479 1521 1541 quum

205 1531 510 1628 Macedones
544 1542 805 1603 concurri
853 1558 988 1618 ent,
1031 1558 1196 1601 atrox
1248 1540 1522 1622 proelium

204 1633 322 1679 mter
347 1641 440 1683 eos
474 1644 541 1683 ac
576 1622 877 1685 Romanos
917 1639 1119 1685 ortum
1151 1617 1251 1681 est.
1282 1618 1375 1680 Ac
1456 1619 1531 1678 ri·

207 1699 285 1759 ωδ
318 1696 666 1765 multitudine
713 1701 881 1765 facile
924 1724 995 1764 ex
1041 1701 1357 1761 eilebantur
1457 1721 1529 1760 o-

208 1782 332 1841 mani
361 1805 374 1844 :
406 1782 690 1866 assumptis
722 1784 938 1846 deinde
1037 1782 1326 1843 chaeorum
1363 1781 1528 1842 Atta-

211 1856 336 1942 lique
377 1867 630 1943 auxiliis,
666 1867 971 1951 aequabant
1025 1880 1315 1924 certamen
1351 1884 1369 1937 3
1414 1883 1529 1925 nec

215 1940 410 2006 dubium
440 1965 593 2023 erat,
703 1950 715 1963 ”
790 1945 1146 2008 Macedonas
1171 1942 1531 2027 Graecosque

216 2018 348 2084 facile
379 2028 507 2090 loco
550 2052 631 2113 pu
651 2038 654 2045 ⁴
677 2031 762 2089 uri
807 2020 1038 2090 fuerint.
1075 2025 1532 2107 Transfugarunr

222 2097 497 2170 Italicorum
528 2130 736 2194 magna
773 2109 1089 2170 multitudo
1102 2122 1222 2166 erat
1255 2128 1274 2179 3
1301 2125 1429 2186 pars
1455 2124 1535 2164 ex

219 2179 470 2251 Annibalis
502 2194 759 2252 exercitu
788 2208 946 2251 metu
983 2207 1175 2271 poenae
1195 2207 1227 2246 a
1250 2185 1544 2255 Romanis-

220 2261 496 2351 Philippum
532 2272 710 2335 secti-ti
737 2316 758 2347 ,
790 2293 922 2352 pars
958 2267 1191 2330 navaIes
1224 2264 1404 2339 socii,
1444 2285 1537 2325 re·

223 2343 336 2407 liffls
361 2373 530 2434 nuper
559 2350 821 2415 claffibus
844 2396 865 2425 ‚
903 2350 978 2411 ad
1008 2348 1170 2431 spem
1207 2347 1538 2407 honoratio-

224 2426 286 2487 ris
325 2433 519 2497 militiae
556 2429 874 2515 transgreffi
910 2453 924 2492 :
967 2430 1077 2489 hos
1120 2425 1225 2488 des
1260 2445 1413 2487 erata
1450 2426 1549 2486 sa-

225 2503 326 2584 lus,
349 2509 387 2572 fi
416 2506 663 2576 Romani
699 2509 995 2585 viciffent,
1042 2508 1113 2569 ad
1166 2531 1191 2568 r
1266 2510 1386 2568 iem·
1418 2529 1548 2568 ma·-

233 2588 294 2666 Βῖὅ
309 2596 496 2676 ‚quam-
519 2590 810 2657 audaciam
826 2637 846 2666 ‚
871 2590 1245 2654 accendebat.
1265 2589 1551 2650 Promon-

238 2671 399 2735 torium
411 2676 488 2738 est
500 2668 1355 2757 adversussicyonem‚1un0nis
1373 2688 1550 2751 quant

234 2765 402 2820 Vocant
432 2757 695 2835 Acraeam
714 2803 736 2836 ,
771 2760 830 2820 in
858 2757 1039 2835 altum
1071 2772 1405 2819 excurrens:
1431 2767 1560 2823 trag·
