2017 3609
301 200 675 270 Ltssssn
773 164 1218 270 XXXIV.
1310 221 1450 295 209

79 304 207 384 finis
240 313 450 373 dicium
482 337 585 396 pro
620 333 842 395 utraque
862 305 1017 396 parte
1053 317 1400 397 existimarem
1415 359 1439 388 ,
1471 340 1668 376 ,εει

83 393 276 450 tacitus
298 391 577 476 fitffi'agia
616 398 781 476 vestra
817 394 1175 476 exspeblaffim
1210 419 1228 456 .·
1256 419 1401 457 nunc
1420 441 1444 470 ,
1467 399 1658 492 (λε-Ψ·

87 491 236 547 quum
257 478 352 531 vir
369 476 711 559 graviffi'mus
731 475 916 554 confitl
932 479 1021 538 M.
1045 479 1275 537 Porcius
1291 520 1311 549 ‚
1333 500 1443 538 non
1465 464 1499 489 ⁴⁴
1554 475 1566 490 ’
1595 457 1664 501 ⁹5⁰

88 554 402 614 auaotitate
418 554 604 632 sblzkm
627 599 647 629 ,
686 577 799 635 quae
826 559 995 616 tacita
1020 555 1164 634 satis
1199 560 1447 618 momenti

87 629 340 709 habutffet
362 678 385 707 ‚
407 633 514 712 fid
548 637 785 695 oratione
821 641 983 696 etiarn
1013 637 1175 717 longa'
1207 638 1261 696 θ’
1291 658 1449 696 accu-

92 710 202 768 ratci
236 711 538 791 inficiatus
557 717 634 793 stt
674 718 995 797 rogationem
1031 719 1253 798 nostram
1292 737 1321 788 ,⁸
1358 739 1451 788 neg·

95 788 271 866 ceffitm
295 797 371 877 est
391 796 601 875 paucis
619 795 914 876 respondere
938 818 955 856 .·
977 800 1073 877 qui
1093 815 1272 857 tamen
1284 796 1450 877 plura

91 871 239 928 verba
269 874 333 932 in
370 877 706 956 castigandis
740 879 993 937 matronis
1010 922 1035 949 ,
1072 879 1234 957 qudm
1270 878 1329 935 in
1365 898 1452 935 ro·
1661 884 1681 916 “

88 951 296 1027 gatione
310 957 494 1037 nostra
511 952 862 1030 diffitadenda
884 955 1200 1036 confitmpfit
1210 979 1238 1029 ,·
1255 956 1311 1015 6·
1332 957 1450 1034 qui-

94 1029 196 1087 dem
216 1075 240 1102 ,
279 1053 344 1093 ut
379 1038 443 1094 in
478 1036 639 1094 dubio
661 1055 910 1117 poneret,
946 1056 1120 1097 utrum
1154 1039 1217 1096 id
1240 1080 1260 1109 ,
1304 1037 1454 1114 quoti

97 1113 471 1187 reprehenderet
488 1159 507 1188 ‚
531 1134 782 1175 matrona
804 1114 914 1192 fitd
932 1114 1123 1198 sponte
1146 1161 1166 1189 ‚
1197 1137 1269 1175 an
1293 1115 1452 1174 nohis

98 1194 391 1253 auaorihus
426 1242 452 1269 ,
488 1193 751 1276 feciffi’nt.
794 1199 929 1256 Rem
978 1193 1257 1276 defendam
1282 1239 1303 1267 ,
1337 1217 1448 1256 non

102 1289 238 1344 n053
274 1276 334 1334 in
370 1297 510 1356 quos
537 1273 680 1356 j'ecit
710 1279 884 1357 magis
927 1276 1028 1335 hoc
1072 1274 1260 1355 confitl
1290 1277 1444 1335 verbo

105 1363 244 1409 tenus
261 1397 283 1425 ,
318 1357 487 1434 qua'tn
506 1374 568 1415 ut
596 1379 648 1414 re
680 1357 1017 1435 infimularet.
1043 1358 1268 1429 Coetttm,
1298 1354 1449 1434 Cese-

106 1430 320 1493 ditiones
335 1481 359 1507 ,
398 1436 457 1495 6·
497 1436 757 1495 interdurn
777 1434 1103 1516 ficeffionem
1148 1439 1448 1509 muliebrem

113 1513 400 1588 appellavit
418 1561 445 1587 ‚
492 1517 642 1595 quad
682 1535 931 1576 matrona
981 1519 1040 1576 in
1080 1517 1300 1596 publico
1346 1538 1450 1575 vos

110 1591 350 1670 rogaffint
363 1642 387 1668 ,
419 1612 485 1655 ut
523 1597 685 1678 legem
729 1601 787 1656 in
810 1595 873 1675 se
914 1597 1083 1656 latam
1116 1617 1217 1675 per
1256 1594 1460 1653 'bellum'

118 1677 414 1750 temporibus
429 1677 614 1748 duris,
643 1679 699 1736 in
714 1698 855 1756 pace
879 1676 934 1734 6·
1008 1692 1179 1734 orente
1204 1695 1271 1733 ac
1291 1673 1452 1731 beatd

116 1752 362 1827 republica
389 1800 409 1829 ‚
449 1758 790 1839 abrogaretis.
836 1758 898 1816 V
888 1778 913 1813 e
969 1777 1005 1813 a
1052 1775 1250 1834 magna
1277 1797 1299 1823 ,
1338 1772 1453 1830 quae

117 1829 179 1886 rei
208 1855 378 1913 angen
386 1836 466 1893 da
503 1835 678 1895 causti
703 1837 1118 1914 conquirantur,
1149 1834 1203 1894 6·
1231 1834 1372 1903 ltaec,
1399 1831 1455 1891 6·

121 1908 220 1967 alla
248 1914 340 1993 effi
367 1914 489 1993 scio
508 1938 535 1988 ,·
573 1916 627 1974 6·
655 1919 745 1976 Μ.
774 1916 1025 1976 Catonem
1060 1932 1311 1974 oratorem
1342 1933 1454 1971 non

111 1983 271 2062 Jblitm
304 2015 523 2089 gravem
540 2040 564 2066 ,
587 1993 692 2073 Jed
725 1997 982 2059 interdurn
1016 1997 1177 2054 etiam
1211 2011 1402 2052 trucem
1429 2036 1453 2063 ‚
1513 1998 1518 2003 “

128 2065 210 2142 ff
235 2070 439 2150 scimus
482 2097 663 2135 omnes
683 2119 706 2147 ,
736 2097 897 2157 quum
942 2077 1155 2155 ingenio
1177 2074 1253 2150 stt
1290 2073 1465 2130 mitis.‘

127 2148 259 2208 Nam
291 2156 428 2232 quid
470 2158 685 2214 tandem
725 2157 857 2213 novi
896 2173 1148 2214 matronae
1172 2147 1414 2231 fecerunt
1432 2193 1457 2220 ,
1517 2156 1524 2161 '

128 2230 256 2305 qubd
275 2233 578 2315 frequentes
617 2237 674 2293 in
704 2231 868 2314 causa
898 2231 1051 2311 adse
1072 2232 1367 2313 pertinente
1398 2231 1459 2288 in

121 2311 373 2384 publicum
399 2311 751 2396 proceffirunt
777 2315 811 2371 ?
847 2315 1165 2391 Numquam
1196 2326 1321 2375 ante
1358 2310 1460 2368 hoc
1510 2317 1514 2321 '

128 2401 313 2470 tempus
335 2397 391 2455 in
419 2396 646 2473 publico
676 2410 1033 2473 apparuerunt
1049 2394 1082 2450 ?
1106 2393 1253 2450 Tuas
1271 2391 1459 2447 adver-

132 2467 214 2525 sies
254 2489 302 2531 te
346 2477 594 2555 Origines
633 2472 921 2533 revolvam.
953 2471 1164 2551 Accipe
1189 2513 1209 2542 ‚
1252 2471 1461 2548 quoties'

130 2545 184 2604 ld
201 2549 452 2626 fecerint,
485 2555 541 2615 6»
582 2555 789 2634 quidem
811 2550 1019 2633 semper
1051 2551 1188 2610 bono
1215 2549 1456 2630 publico.
1522 2555 1527 2562 '

134 2627 243 2687 Iam
276 2655 314 2690 a
339 2636 643 2726 principio,
675 2650 917 2718 regnante
950 2631 1182 2695 Romulo
1205 2674 1229 2701 ,
1260 2650 1420 2708 quum
1435 2671 1461 2700 ,
1519 2636 1526 2643 '

135 2705 382 2785 Capitolio
419 2715 488 2772 ab
522 2715 748 2774 Sabinis
787 2730 944 2794 capto
965 2757 989 2786 ,
1032 2713 1204 2772 medio
1243 2710 1310 2769 in
1328 2706 1456 2787 ,ῶνα
1508 2714 1514 2721 ’

119 2785 271 2870 fignis
308 2795 523 2858 collatis
563 2795 934 2869 dimicaretur,
964 2814 1142 2855 nonne
1178 2785 1462 2868 intercursu
1507 2792 1528 2803 ’”

1291 2996 1368 3015 mun,-
