2017 3609
419 226 524 327 38
809 233 883 305 T.
982 233 1398 305 L1r11

207 364 578 423 P--raeeo
613 348 878 413 Athenas
917 352 1157 434 repente
1189 352 1351 412 duxit
1385 373 1401 412 ε
1440 348 1574 411 inde
1617 359 1866 437 erupi

201 420 406 518 3322ssss
423 432 587 491 tione
614 431 796 493 subita
829 434 1093 515 peditum
1122 435 1498 516 equitumque
1520 435 1676 493 inter
1702 456 1852 495 an-

454 510 628 573 ustias
660 512 913 576 semiruti
941 517 1094 575 muri
1112 560 1131 590 ‚
1168 517 1267 597 qui
1288 514 1534 576 brachiis
1559 514 1844 590 duobujs

422 532 706 655 {iraeeum
731 595 980 658 Athenis
1009 594 1238 679 jungit,
1268 594 1523 675 repulsus
1547 615 1567 668 ;
1592 595 1842 659 omiffa

427 679 858 759 oppugnatione
902 676 1058 738 urbis
1075 724 1096 754 ‚
1130 675 1312 738 diviso
1356 697 1490 736 cum
1535 674 1842 739 Philocle

425 756 614 817 rursus
646 762 895 820 exercitu
917 804 936 833 ,
971 760 1049 818 ad
1094 756 1404 820 vastandos
1449 775 1617 837 agros
1655 770 1835 838 pro-'-

424 834 645 912 ἱεᾶιις,
681 860 861 920 quum
948 842 1174 910 ,riorem
1228 837 1665 920 populationem
1714 838 1831 901 se-

425 919 637 999 pulcris
674 921 821 978 circa
851 940 916 979 ut
957 938 1052 978 em
1094 921 1384 979 diruendis
1422 916 1768 981 exercuisset
1792 966 1826 996 ‚

229 1004 407 1063 ,Templa
428 1019 502 1057 ne
546 998 687 1079 quid
740 1000 1084 1060 inviolatum
1143 1000 1535 1081 relinqueret,
1576 1003 1825 1080 templa

206 1056 389 1159 {gfffaff'
428 1077 605 1138 deum
624 1122 643 1151 ‚
675 1101 805 1162 quae
839 1101 913 1162 pa
953 1082 1091 1140 atim
1122 1078 1337 1140 sacrata
1358 1079 1646 1140 habebant
1665 1126 1685 1155 ,
1716 1082 1825 1143 di-

208 1151 342 1194 “‘'¹¹²‘·
427 1161 515 1219 rui
544 1175 716 1242 atque
743 1100 975 1222 incengi
1017 1158 1188 1243 juffit.
1230 1160 1523 1221 Exornata
1569 1180 1648 1221 eo
1694 1182 1818 1244 ge—

425 1258 568 1300 nere
607 1262 852 1322 operum
885 1243 1091 1303 eximie
1123 1260 1277 1303 terra
1317 1241 1511 1302 Attica
1530 1285 1552 1313 ‚
1592 1243 1658 1302 &
1697 1265 1814 1304 co—

428 1320 525 1401 pia
556 1321 852 1384 domestici
879 1327 1179 1383 marmoris
1202 1367 1222 1396 ‚
1259 1323 1324 1383 &
1358 1324 1601 1404 ingeniis
1624 1323 1848 1384 artifi--

424 1421 559 1461 cum
581 1447 599 1475 ,
643 1403 887 1484 praebuit
928 1404 1059 1464 huic
1093 1402 1272 1464 furori
1320 1405 1657 1462 materiam:
1693 1426 1816 1466 ne-

470 1502 543 1542 ue
585 1487 738 1544 enim
777 1485 1005 1546 diruere
1037 1485 1222 1545 modo
1263 1482 1380 1564 ipsa
1419 1484 1639 1565 templa
1662 1527 1681 1556 ,
1729 1506 1812 1548 ac

428 1502 728 1625 {mulacra
758 1583 1017 1628 evertere
1053 1563 1185 1625 satis
1220 1565 1419 1625 habuit
1453 1585 1474 1638 3
1510 1563 1608 1624 sed
1656 1565 1814 1648 lapi-

433 1643 538 1705 des
578 1666 812 1728 quoque
841 1690 861 1720 ‚
907 1666 985 1708 ne
1028 1648 1236 1729 integri
1287 1644 1643 1706 cumularent
1680 1649 1813 1707 rui-

430 1746 533 1786 nas
554 1772 573 1800 ,
603 1725 786 1812 frangi
812 1725 964 1809 juflit
993 1750 1014 1803 ;
1048 1729 1113 1790 &
1131 1772 1152 1801 ,
1186 1726 1492 1811 postquam
1524 1747 1645 1787 non
1676 1743 1805 1789 tam

430 1807 514 1867 ira
550 1807 782 1882 satiata,
827 1809 1000 1893 quam
1042 1812 1141 1870 irae
1192 1808 1525 1870 exercendae
1563 1812 1808 1870 materia-

430 1888 559 1947 haec
591 1888 786 1949 deerat
807 1931 826 1960 ‚
848 1911 986 1972 agro
1018 1889 1269 1951 hostium
1297 1893 1356 1950 in
1378 1890 1667 1951 Boeotiam
1696 1910 1807 1950 ex·-

429 1965 591 2028 ceffit
608 1989 752 2044 ;nec
785 1970 939 2030 aliud
968 1972 1282 2054 quidquam
1301 1972 1538 2053 dignum
1569 1983 1802 2032 memo-

427 2049 514 2108 ria
539 2050 597 2107 in
637 2047 868 2110 Graecia
904 2072 936 2112 e
978 2053 1040 2111 't.

426 2143 435 2150 ‘
507 2127 760 2192 XXVII.
804 2128 941 2192 Con
965 2132 1025 2192 ul
1067 2128 1350 2214 Sulpicius
1410 2153 1484 2194 eo
1531 2149 1802 2216 ternpore

426 2212 576 2271 inter
613 2211 991 2293 Apolloniam
1018 2235 1083 2273 ac
1109 2212 1542 2294 Dyrrhachium
1563 2215 1635 2275 ad
1661 2213 1719 2274 A

426 2292 552 2351 sum
588 2292 803 2355 flumen
853 2293 1103 2354 habebat
1149 2294 1324 2354 castra
1359 2318 1379 2369 ;
1421 2297 1537 2375 quo
1575 2315 1665 2356 arc
1745 2318 1798 2357 1-

423 2389 550 2431 tum
575 2372 641 2432 L.
679 2372 985 2454 Apustium
1015 2375 1306 2456 legatum,
1352 2396 1483 2433 cum
1557 2394 1677 2436 arte
1702 2398 1801 2437 co·

425 2453 649 2533 piarum
671 2455 744 2512 ad
765 2455 1203 2537 depopulandos
1222 2448 1470 2515 h‘ostium
1495 2398 1639 2516 lines
1660 2458 1801 2517 mit-

238 2529 410 2619 &7⁶⁰²
426 2536 511 2592 tit.
550 2532 822 2615 Apustius
844 2581 863 2610 ,
897 2553 1153 2596 extrema
1203 2534 1567 2596 Macedoniae
1608 2558 1802 2616 popu·

203 2591 399 2689 ἐἠῖᾜῖ
428 2613 575 2675 latus
599 2659 618 2688 ‚
648 2613 909 2697 Corrago
928 2661 948 2689 ,
977 2619 1042 2678 &
1076 2615 1364 2675 Gerrunio
1386 2659 1406 2687 ,
1438 2617 1503 2676 δι
1542 2613 1792 2696 Orgesso

196 2680 377 2771 ffl‘js‘m
429 2692 669 2755 castellis
708 2699 892 2776 primo
929 2699 1147 2777 impetu
1185 2699 1365 2776 captis
1388 2740 1408 2770 ‚
1437 2696 1510 2755 ad
1543 2693 1797 2778 Antipa-

270 2802 274 2806 <
425 2776 596 2834 triam
617 2819 636 2848 ,
667 2777 728 2834 in
768 2774 1020 2836 faucibus
1058 2775 1301 2858 angustis
1348 2774 1511 2838 sitam
1547 2776 1754 2838 urbem
1771 2824 1792 2854 ,

422 2857 634 2930 venit:
674 2878 740 2919 ac
794 2858 997 2937 primo·
1028 2868 1326 2926 evocatos·
1371 2860 1661 2944 principes
1715 2859 1788 2921 ad
