2017 3609
1324 90 1403 149 Ἰ,
1490 92 1497 99 .

293 241 654 315 LIBER
754 235 1174 330 XXXII.
1285 258 1408 313 121

1446 334 1643 386 „aa

114 351 283 431 flumini
312 358 483 421 castra
518 359 840 442 applicuit3
872 362 1003 422 inde
1039 357 1327 420 mittendo
1360 356 1419 417 in
1447 407 1485 450 υ
1506 421 1529 448 c
1552 415 1643 458 555·

116 439 241 499 vicos
279 439 750 502 Cenomanorum
801 440 1163 524 Brixiamque
1191 484 1210 511 ,
1259 431 1425 521 quod
1445 435 1646 507 ιὲὲιιη.

113 526 246 598 caput
270 524 440 603 gentis
480 538 604 582 erat
625 563 646 593 ,
682 537 747 581 ut
784 520 905 582 satis
948 525 1272 604 comperit,
1301 541 1421 579 non
1554 538 1561 598 j

111 599 466 662 exaufloritate
487 600 779 662 seniorum
791 599 1156 682 juventutem
1171 603 1231 660 in
1256 602 1423 660 armis
1474 642 1479 645 -
1528 610 1532 617 '

110 674 226 750 effe,
254 701 350 741 nec
391 682 633 763 publico
679 681 913 743 consilio
953 682 1274 744 Insubrium
1317 680 1425 740 de·-

111 754 291 820 suffioni
319 759 701 823 Cenomanos
730 760 788 824 se
821 758 1131 845 adjunxisse
1167 781 1187 835 ;
1227 760 1426 821 excitis

109 836 163 896 ad
180 837 227 899 se
284 843 622 926 rincipibus‚
638 843 699 903 id
723 862 890 983 aiere
915 865 980 904 ac
1002 843 1192 903 moliri
1218 842 1427 920 coepit,

109 934 157 977 ut
171 918 231 981 de
250 921 520 984 ciscerent
538 924 610 982 ab
634 921 763 983 Insu
805 923 958 984 ribus
978 921 1340 996 Cenomani,
1360 922 1427 983 &

109 994 237 1081 fignis
264 1001 488 1064 sublatis
505 1049 526 1079 ,
550 1021 645 1064 aut
675 1004 884 1066 domos
917 1005 1168 1073 redirent
1185 1050 1204 1079 ,
1229 1019 1323 1062 aut
1352 1000 1429 1062 ad

108 1075 359 1145 Romanos
399 1082 718 1146 transirent.
759 1083 832 1146 Et
867 1086 928 1145 id
963 1084 1202 1168 quidem
1239 1084 1427 1165 impe-

109 1162 209 1220 trari
239 1166 442 1246 nequiit
473 1187 495 1240 ;
527 1167 588 1224 in
617 1165 677 1225 id
711 1164 845 1225 data
879 1163 1027 1224 fides
1063 1162 1278 1224 consuli
1309 1161 1428 1239 est,

111 1242 223 1302 utin
242 1247 351 1305 acie
373 1262 468 1306 aut
490 1244 879 1328 quiescerent,
900 1262 1027 1320 aut,
1048 1243 1091 1304 fi
1115 1264 1229 1325 qua
1253 1246 1429 1305 etiam

114 1321 293 1384 occasio
321 1323 537 1401 sufflet,
563 1324 905 1386 ad'uvarent
935 1325 1253 1387 Romanos.
1283 1323 1431 1384 Haec

113 1398 172 1458 ita
185 1403 505 1467 -conveniss'e
539 1404 608 1465 In
633 1406 801 1466 ubres
838 1405 1179 1489 ignorabant
1208 1427 1226 1480 3
1259 1401 1431 1463 sube-

114 1494 180 1540 rat
203 1498 375 1545 tamen
403 1486 671 1569 quaedam
700 1484 941 1568 suspicio
976 1488 1210 1558 animis,
1238 1484 1431 1545 labare

116 1557 257 1622 fidem
293 1563 593 1628 sociorum.
615 1604 620 1611 ·
642 1565 841 1647 Itaque
868 1611 887 1640 ‚
930 1587 1110 1649 quum
1145 1568 1205 1624 in
1247 1566 1433 1623 aciem

117 1640 418 1721 eduxissent,
446 1665 711 1708 neutrum
747 1649 813 1706 iis
849 1666 1029 1708 cornu
1067 1649 1433 1706 committere

118 1719 351 1800 ausnne,
370 1726 419 1788 fi
450 1727 594 1788 dolo
632 1725 939 1802 cessissent,
968 1748 1093 1787 rem
1128 1742 1311 1785 totam
1345 1725 1438 1780 in·-

117 1800 387 1884 efflarent,
428 1805 559 1888 post
601 1805 755 1889 figna
794 1810 856 1869 in
897 1805 1152 1867 subsidiis
1197 1827 1300 1866 eos
1345 1803 1437 1864 lo·-

105 1896 367 1948 -taverunt,
422 1885 641 1948 Consul
685 1890 970 1970 principio
1059 1909 1094 1948 u
1135 1907 1222 1947 nae
1265 1886 1437 1949 vovit

122 1961 273 2025 aedem
296 1966 528 2049 Sospitae
547 1967 758 2029 Junoni
773 2014 793 2043 ‚
815 1968 859 2029 fi
888 1990 968 2030 eo
1030 1972 1084 2028 ie
1152 1965 1304 2029 ostes
1328 1963 1434 2025 fufi

81 2054 86 2057 “
118 2037 362 2128 fugatique
393 2046 584 2110 essent.
614 2047 673 2109 A
701 2051 973 2110 militibus
1007 2051 1227 2108 clamor
1258 2045 1441 2121 subla-

121 2135 225 2195 tus,
242 2144 563 2211 compotem
592 2132 719 2189 voti
742 2129 1046 2192 consulem
1075 2128 1131 2188 se
1161 2126 1441 2197 fadiuros,
1510 2157 1515 2160 0

125 2200 425 2288 &impetus
456 2211 517 2269 in
550 2209 742 2271 hostes
775 2209 857 2272 est
890 2208 1083 2269 faetus.
1114 2207 1256 2268 Non
1292 2205 1446 2266 tule-

124 2298 229 2344 runt
245 2285 492 2351 Insubres
517 2291 774 2372 primum
796 2289 1172 2351 concursum:
1201 2286 1442 2370 quidam

127 2359 180 2421 ὅ(
209 2385 239 2429 a
277 2365 618 2432 Cenomanis
647 2415 668 2444 ,
710 2386 872 2452 terga
924 2370 1163 2450 repente
1211 2372 1270 2427 in
1319 2366 1446 2449 ipso

126 2451 393 2533 pqr‘tamine
437 2473 469 2510 a
508 2448 747 2533 greffi33
789 2449 1094 2510 tumultum
1141 2450 1447 2529 ancipitem

127 2524 357 2601 mjeaum
388 2553 456 2592 au
514 2553 646 2593 ores
676 2529 804 2590 sunt
823 2572 842 2603 ,
874 2527 1125 2610 caesaque
1159 2530 1218 2588 in
1248 2528 1449 2588 medio

131 2605 341 2688 quinque
364 2614 427 2673 δι
443 2614 675 2708 triginta
699 2610 878 2671 millia
904 2608 1182 2682 hostium,
1198 2611 1451 2691 quinq'ue
1558 2672 1561 2677 ⁵

134 2680 287 2746 mfflh
310 2691 369 2752 &
397 2690 787 2777 septingentos
821 2693 993 2754 vivos
1032 2692 1353 2773 captos‚'in
1382 2689 1453 2746 iis

129 2758 443 2832 Amilcarem
491 2768 804 2834 Poenorum
855 2775 1264 2855 imperatorem
1292 2813 1311 2841 ,
1352 2769 1456 2848 qui

128 2838 246 2903 beni
276 2851 427 2911 causa
460 2850 647 2922 fuiffet
675 2874 691 2916 t
727 2851 883 2936 signa
920 2853 1185 2915 militaria
1227 2865 1460 2909 centum

205 2928 251 2988 T
245 2949 385 2993 omus
422 2936 496 2996 V.
1179 2928 1230 3003 F,
