2017 3609
366 270 481 319 ru
525 253 719 319 ιιι.
760 202 1044 321 kxxl.
1300 277 1420 347 357

50 359 136 415 iam
178 375 386 432 partem
435 363 694 416 Umbriae
734 366 934 439 plagam
976 365 1269 420 Materinam
1316 387 1421 424 vo*

50 440 190 490 abant.
1491 487 1498 492 .

74 529 126 574 4.
165 509 229 562 P.
282 511 450 562 AElio
495 508 706 576 consule
754 516 951 562 comitia
991 512 1200 566 habente.
1247 513 1427 585 Vulgo

50 583 264 651 mfialum.
290 581 674 635 Emendarunt
701 585 934 654 Sigonius
963 587 1016 637 &
1040 586 1329 641 Gronovius
1356 607 1422 643 ex

50 656 110 708 aff.
141 659 460 727 recepitque
497 658 554 708 in
590 670 885 709 contextum
912 659 1222 712 Crevierius.

93 748 137 797 5.
173 734 333 782 Anno
369 730 760 800 quingentefimo
795 732 1169 802 quinquagesimo
1194 733 1428 800 secundo·

50 817 91 855 ta
121 807 403 875 legendum
431 805 545 855 effe
579 805 735 855 docet
759 806 1014 857 Dodwell.
1038 824 1183 874 quem
1219 809 1432 875 sequun-

50 878 349 930 urClericus
374 878 777 930 &Crevierius.
794 878 1036 946 Corrupti
1061 882 1159 930 hoc
1183 882 1299 932 loco
1324 880 1431 935 mss'·

50 954 207 1003 nabent
235 971 373 1003 anno
408 951 792 1022 quingentesimo
828 953 1174 1022 quadragefimo
1197 959 1370 1022 primo.

103 1024 216 1075 Tum
264 1026 565 1094 respondere
607 1026 811 1094 placere.
861 1026 1103 1080 Dukerus
1125 1066 1141 1091 ‚
1186 1029 1434 1094 probante

50 1095 303 1151 Crevierio
330 1138 350 1159 ,
393 1101 591 1150 mallet
626 1098 903 1167 responderi.
1417 1156 1426 1163 ,

108 1172 158 1222 6.
192 1174 362 1224 Alteri
389 1172 653 1240 confidam
674 1173 891 1222 Aurelio.
924 1172 999 1220 Ita
1024 1170 1148 1222 teste
1168 1172 1273 1224 Jac.
1298 1169 1436 1225 Gro-

50 1246 188 1296 novio
237 1251 422 1314 plures
471 1247 533 1298 &
581 1245 783 1313 quidem
829 1244 1005 1312 optimi
1047 1245 1247 1298 codices
1271 1283 1286 1311 ,
1335 1265 1429 1315 pro

50 1320 236 1387 vulgato
272 1321 426 1371 alteri
455 1317 674 1385 confidi.

113 1407 161 1455 7.
196 1391 259 1442 In
293 1411 478 1463 campo
508 1393 703 1443 Martis
733 1394 941 1442 comitiis
967 1389 1161 1442 habitis.
1199 1393 1314 1445 Non
1349 1394 1435 1447 sod

50 1461 116 1512 let
141 1465 207 1516 ita
231 1467 379 1535 loqui
404 1468 601 1518 Livius
617 1479 640 1529 ',
668 1464 753 1516 nist
784 1466 1007 1516 omnibus
1027 1504 1042 1529 ,
1073 1484 1181 1534 quae
1214 1469 1431 1522 comitiis

55 1540 227 1603 agenda
260 1552 412 1591 erant
434 1579 449 1603 ‚
491 1538 721 1608 peraftis
753 1556 767 1590 ε
799 1550 849 1589 at
876 1537 956 1589 hic
991 1540 1185 1590 demum
1221 1540 1307 1588 ista
1338 1556 1436 1589 co-

58 1609 181 1661 mitia
215 1612 480 1665 ineuntur.
524 1614 715 1681 ‘Itaque
751 1611 856 1664 Jac.
898 1613 1172 1664 Gronovio
1213 1610 1438 1663 obsecuti

63 1680 209 1735 sumus
244 1687 442 1738 delenti
477 1704 671 1739 vocem
701 1684 880 1735 habitis
904 1721 919 1746 ,
950 1701 1059 1749 quae
1086 1700 1247 1749 neque
1284 1685 1439 1735 exstat

72 1752 118 1804 in
140 1758 326 1812 duobus
354 1761 631 1814 Crevier-ii
664 1757 920 1807 codicibus
940 1791 954 1815 ,
989 1755 1042 1805 &
1070 1772 1213 1821 quam
1240 1757 1299 1805 ab
1333 1773 1441 1806 om-

73 1828 201 1882 nibus
232 1836 442 1886 omnino
485 1830 689 1898 scriptis
726 1829 823 1879 suis
863 1826 1026 1879 abefl‘e
1064 1826 1439 1881 testaturDra-

75 1898 436 1960 kemborchius.

144 1974 317 2044 Pyrrho
356 1977 486 2032 cert&
517 1972 783 2042 aequabitis.
814 1971 995 2042 Pyrrho
1026 1978 1136 2026 dico
1167 1976 1188 2026 !
1219 1993 1443 2044 quantum

84 2049 153 2098 vel
180 2057 254 2103 vir
287 2057 398 2105 viro
424 2092 443 2114 ,
489 2051 575 2102 vel
596 2067 713 2118 gens
752 2054 883 2119 genti
913 2050 1101 2118 praestat
1122 2050 1149 2100 Ρ
1188 2050 1263 2101 Ita
1305 2051 1441 2104 reste

89 2121 142 2169 ad
186 2139 403 2178 mentem
446 2124 703 2192 loquentis
748 2125 915 2173 locum
960 2123 1241 2174 emendavit
1281 2125 1445 2177 Vale-

92 2193 179 2246 rius
201 2234 216 2260 ,
257 2199 453 2251 mutata
493 2196 890 2263 interpunstione
916 2232 932 2257 ‚
972 2196 1024 2246 δ(
1054 2195 1274 2246 restituta
1314 2213 1444 2247 voce

92 2263 255 2332 Pyrrho
273 2310 292 2332 ,
320 2291 471 2341 quam
495 2310 509 2333 ,
534 2270 649 2337 quia
675 2269 912 2329 iteratur,
936 2268 1167 2318 omiserat
1189 2270 1303 2319 loco
1337 2269 1447 2335 pos-

96 2342 269 2397 teriore
314 2345 568 2397 librarius.
608 2338 780 2409 Vulgo
820 2340 986 2390 editur
1022 2338 1201 2406 Pyrrho
1240 2341 1448 2406 aequabi-

96 2413 155 2461 tis
181 2432 196 2466 .·
222 2421 333 2468 dieo
357 2455 377 2478 ,
410 2431 637 2485 quantum
666 2450 680 2465 .
706 2448 720 2463 .
747 2448 762 2462 .
780 2413 982 2479 praestat.
1015 2413 1130 2477 Qua
1150 2414 1201 2462 in
1231 2413 1450 2466 leffione

100 2500 183 2537 nec
214 2490 383 2542 sensus
407 2529 423 2554 ,
465 2505 557 2539 nec
591 2488 744 2538 verba
771 2486 1043 2535 cohaerent.
1419 2526 1422 2529 .

165 2560 339 2626 Nostra
384 2581 512 2613 nunc
550 2578 785 2628 compara.
829 2558 983 2608 Immo
1026 2558 1309 2625 coinparate
1335 2596 1350 2622 ,
1396 2572 1454 2614 ut

84 2635 202 2715 [lvult
234 2635 530 2688 Gronovius
552 2674 567 2698 ‚
602 2634 653 2686 &
683 2631 923 2684 orationis
956 2643 1217 2683 contextus
1247 2632 1454 2702 flagitat.
1491 2684 1495 2689 ,

174 2708 228 2754 8.
265 2705 591 2776 Obfiqratique
629 2743 643 2758 .
665 2742 680 2759 .
703 2744 717 2759 .
742 2743 757 2759 .
801 2709 873 2756 dii
892 2743 911 2766 ‚
954 2720 1024 2757 ut.
1075 2706 1318 2758 Voculam
1350 2723 1404 2757 ut
1434 2745 1453 2772 ,

100 2775 323 2831 omissam
352 2776 405 2824 in
433 2782 643 2847 vulgatis
666 2819 681 2844 ,
713 2779 924 2835 restituit
956 2798 1023 2832 ex
1053 2779 1150 2831 suis
1179 2779 1281 2832 mss'.
1320 2778 1458 2842 Cre-2

106 2851 319 2903 'sterius-

190 2923 293 2997 ραι·
316 2939 472 2974 eorum
497 2919 683 2973 miuimb
708 2924 857 2972 multa
873 2924 1112 2990 stipendia
1138 2923 1338 2975 baberet.
1367 2921 1463 2987 Im:

112 3006 191 3051 mo
221 2995 473 3059 haberent,
505 2995 665 3067 inquit
691 2995 940 3053 Muretus·
