2017 3609
326 205 1183 281 LIBER-XXXV.
1308 230 1443 307 337
1500 239 1518 251 ·

65 338 251 407 quum
280 323 577 406 pedestres
609 325 804 408 copias
840 347 873 385 a
917 329 1298 409 propinquare
1325 323 1445 406 jam
1469 318 1665 389 2223

65 406 273 466 inlidi
300 424 471 489 atque
516 406 735 489 Euripo
770 406 865 467 sen
891 406 1016 467 isset
1038 451 1057 481 ,
1098 405 1443 469 Chalcidem
1468 409 1552 501 ⁰⁴5
1571 408 1668 461 5⁶0·

65 487 161 568 ιη’)
179 490 364 548 iceret
391 510 407 549 ε
439 486 561 569 ipse
606 505 826 549 ceteras
872 490 1072 572 copias
1092 534 1113 562 ,
1154 488 1440 551 nosturnis
1464 475 1500 501 ³‘
1559 469 1670 510 '¹⁹²²

68 570 323 629 maxime»
359 568 657 630 itineribus
684 615 704 642 ,
735 572 946 652 quanta
978 586 1206 653 poterat
1237 572 1445 645 celeri-5

78 662 231 723 tate,
267 648 614 711 Chalcidem
657 651 921 712 ducebat.

156 728 500 792 XXXVIII.
537 730 744 793 Miaio
796 735 860 794 &
902 730 1304 806 Xenoclides,
1384 752 1450 794 e-

91 828 183 871 nes
213 834 362 895 quos
395 831 518 872 tum
545 811 764 873 summa
786 834 976 874 rerum
998 859 1019 889 ,
1043 813 1207 896 pulso
1224 813 1336 874 Eut
1376 835 1452 896 y·-

95 893 274 966 mida,
298 892 581 954 Chalcide
612 911 767 969 erat,
800 893 895 955 seu
920 894 1025 976 ipfi
1058 917 1163 977 per
1195 894 1251 955 se
1275 893 1370 954 sus
1403 895 1450 953 i-

98 976 196 1032 cati
214 1019 234 1047 ‚
262 974 362 1035 seu
396 974 646 1035 indicata
671 995 733 1036 re
758 1019 777 1046 ‚
816 978 1005 1058 primb
1036 977 1271 1058 pavidi,
1302 919 1450 1036 nillil

94 1052 310 1136 usquam
334 1054 453 1137 spei
478 1100 498 1131 ‚
525 1054 626 1115 nisi
656 1058 714 1116 in
735 1055 868 1139 fuga
887 1101 905 1130 ,
928 1057 1259 1140 ponebant:
1282 1057 1449 1117 dein-

98 1133 200 1211 de,
228 1136 537 1219 postquam
568 1135 778 1203 resedit
809 1155 996 1198 terror
1016 1182 1035 1210 ‚
1075 1139 1140 1198 &
1175 1138 1342 1219 prodi
1378 1139 1445 1200 &

98 1214 262 1277 deseri
297 1239 419 1278 non
491 1219 689 1277 atriam
725 1218 907 1278 modb
927 1261 947 1289 ‚
981 1216 1081 1277 sed
1119 1222 1292 1279 etiam
1325 1218 1447 1279 Ro‘-

97 1317 386 1363 manorum
451 1302 757 1360 ocietatem
805 1299 1112 1359 cernebant
1138 1342 1158 1373 ‚
1206 1299 1448 1361 confilio

96 1378 182 1438 tali
211 1382 466 1440 animum
513 1377 861 1459 adjecerunt.
902 1378 1138 1441 Sacrum
1181 1385 1450 1442 anniver-

95 1455 288 1520 sarium
337 1481 410 1522 eo
463 1458 613 1520 forte
669 1479 934 1544 tempore
983 1461 1216 1522 Eretriae
1267 1461 1449 1522 Ama-

93 1541 369 1620 rynthidis
404 1541 610 1602 Dianae
645 1559 764 1604 erat
801 1566 818 1618 ;
851 1544 1013 1625 quod
1051 1563 1172 1602 non
1205 1543 1456 1622 popula-

92 1623 230 1682 rium
269 1622 490 1696 modb‚
521 1621 618 1683 sed
654 1623 1058 1704 Carystiorum
1092 1624 1268 1681 etiam
1294 1638 1455 1681 coetu

95 1702 425 1764 celebratur.
463 1702 552 1763 Εὸ
594 1702 866 1762 miserunt
890 1744 907 1774 ‚
935 1704 1034 1783 qui
1066 1717 1293 1760 orarent
1319 1700 1458 1760 Ere-

91 1783 317 1845 trienses
361 1782 778 1866 Carystiosque
808 1825 828 1855 ,
871 1784 952 1842 Ut
1001 1782 1056 1841 6»
1089 1779 1311 1860 suarum
1337 1779 1458 1863 sbr-

89 1883 334 1927 tanarum
358 1869 417 1926 in
451 1869 634 1926 eadem
661 1862 842 1942 infida
871 1865 1042 1946 geniti
1076 1860 1458 1942 mifirerentur,

90 1946 152 2005 6³
179 1950 485 2007 Romanam
509 1945 822 2026 sbcietatem
851 1942 1155 2026 respicerent
1187 1968 1204 2005 .·
1239 1969 1306 2004 ne
1318 1947 1458 2025 fine-

88 2045 203 2087 rent
235 2030 550 2089 AEtolorum
577 2029 880 2090 Chalcidem
891 2029 1036 2107 fieri.
1072 2027 1334 2086 Euboeam
1365 2028 1462 2084 ha-

89 2108 294 2170 bituros
336 2156 360 2183 ,
401 2112 459 2191 fi
510 2111 816 2171 Chalcidem
866 2106 1185 2187 habutffient.
1246 2108 1462 2167 Graves

80 2187 245 2270 fiuffb
278 2194 623 2251 Macedonas
649 2192 897 2250 dominos
928 2211 953 2261 ‚·
991 2189 1159 2248 mult&
1180 2187 1358 2246 minhs
1380 2202 1463 2244 to-

92 2270 587 2412 letabilesfuuros
615 2270 862 2331 AEtolos.
900 2268 1300 2328 Romanorum
1345 2286 1464 2325 ma·
1543 2309 1548 2315 -

92 2351 248 2414 xime
281 2375 342 2414 re
370 2352 567 2436 pecius
602 2353 859 2410 civitates
897 2351 1087 2409 movit
1111 2393 1130 2423 ,
1173 2349 1250 2409 δι’
1289 2348 1469 2407 virtu-

95 2452 214 2493 tem
238 2455 420 2516 nuper
456 2437 514 2493 in
538 2432 695 2492 bello
712 2475 731 2503 ‚
759 2431 903 2492 &in
930 2427 1168 2489 vicloria
1198 2424 1467 2506 justitiam

98 2512 631 2598 benignitatemque
678 2526 940 2593 expertas
987 2531 1002 2570 ι
1040 2512 1271 2591 itaque,
1308 2508 1471 2592 quod

101 2597 332 2657 roboris
364 2599 420 2654 in
454 2594 754 2675 juventute
800 2607 957 2664 erat,
990 2608 1229 2674 utraque
1273 2594 1472 2652 civitas

102 2670 356 2737 armavit
384 2675 660 2771 misitque.
684 2676 791 2736 His
811 2674 1023 2736 tuenda
1056 2674 1271 2735 moenia
1298 2671 1476 2733 Chal-

107 2756 254 2818 cidis
289 2754 564 2834 oppidani
600 2778 778 2836 quum
800 2754 1147 2819 tradidissent
1169 2799 1187 2828 ,
1220 2753 1324 2834 ipfi
1352 2774 1479 2812 om-

111 2840 281 2900 nibus
299 2835 503 2979 copiilsf
514 2834 823 2918 transgreffi
840 2836 1116 2919 Euripum
1138 2879 1157 2909 ,
1180 2836 1252 2973 ag
1284 2832 1479 2914 Salga-

196 2920 250 2982 T
245 2937 399 2979 omus
489 2954 513 2980 ι
1242 2981 1251 2987 .
