2017 3609
447 240 546 314 80
838 244 1439 315 T.L1r11-

234 357 562 421 -nnHae
593 353 949 420 difficultates
976 405 997 435 ‚
1022 356 1108 422 ’δι
1150 360 1308 443 quod
1352 358 1503 420 haud
1549 355 1686 420 satis
1743 346 1829 420 di·-v

237 438 437 533 23³3&
456 459 631 521 gnum
647 441 786 499 tanti
802 441 1014 501 laboris
1029 442 1381 524 periculique
1396 440 1653 522 pretium
1674 458 1825 514 erar,

289 538 294 543 ·
323 515 337 529 ’
372 502 423 541 ⁹⁹
454 536 517 580 ut
548 515 838 582 absisteret
857 523 1092 603 incepto
1114 522 1440 604 Philippus,
1467 518 1825 581 effecerunt:

454 600 641 660 hiems
687 622 921 683 quoque
969 603 1084 662 'am
1138 602 1417 677 instabat,
1500 622 1646 661 uum
1690 600 1827 660 inde

454 678 710 741 abscessit
728 698 750 754 ξ
770 684 835 743 δι
869 685 927 744 in
950 624 1355 744 Macedoniam
1386 685 1448 741 in
1512 682 1717 743 'berna
1742 701 1835 741 co·

462 764 583 844 pias
618 761 862 822 reduxit.

263 865 444 952 Ριιῑιῂὲξι
543 843 624 903 V.
659 841 747 902 Ibi
769 845 947 902 ceteri
981 843 1217 924 quidem
1237 890 1257 919 ‚
1295 843 1425 904 data
1457 858 1836 925 quantacum-

243 929 444 1003 2222m,
468 943 577 1005 que
622 923 816 1002 quiete
855 927 1132 1005 temporis
1154 968 1172 996 ‚
1214 922 1379 985 simul
1431 926 1661 984 animos
1711 942 1839 983 cor-

462 1022 719 1084 poraque
744 1001 1089 1064 remiserant.
1112 1004 1436 1086 Philippum
1455 1021 1741 1087 quantum
1765 1001 1835 1062 ab

465 1081 691 1143 affiduis
732 1084 1026 1144 laboribus
1071 1087 1341 1146 itinerum
1395 1103 1848 1167 pugnarumque*
1948 1112 1949 1117 ¹

465 1164 761 1225 laxaverat
810 1185 988 1227 annus
1007 1211 1028 1241 ,
1061 1166 1220 1226 tantb
1253 1168 1432 1248 magis
1467 1168 1757 1226 intentum
1777 1165 1835 1223 in

466 1244 795 1308 universum
847 1263 1120 1307 eventum
1168 1246 1306 1307 belli
1362 1264 1511 1306 curae
1560 1261 1778 1328 angunt
1813 1263 1834 1318 ;

469 1348 590 1388 non
610 1325 803 1387 hostes
826 1328 1008 1388 modo
1041 1330 1338 1387 timentem
1358 1373 1377 1399 ‚
1417 1329 1515 1408 qui
1549 1326 1704 1387 terra
1728 1344 1835 1386 ma-

470 1410 636 1489 rique
675 1408 984 1489 urgebant,
1016 1406 1116 1468 sed
1144 1429 1294 1468 nunc
1333 1407 1618 1469 sociorum
1637 1451 1656 1481 ,
1685 1425 1834 1467 nunc

472 1490 644 1551 etiarn
688 1489 1051 1568 popularium
1096 1490 1320 1550 animos
1348 1532 1368 1563 ,
1410 1509 1486 1548 ne
1526 1489 1590 1550 &
1634 1489 1722 1547 illi
1767 1483 1838 1546 ad

373 1608 380 1613 ,
472 1567 635 1649 spem
669 1571 929 1629 amicitiae
959 1569 1356 1630 Romanorum
1390 1567 1744 1642 deficerent,
1772 1566 1833 1628 δε

474 1649 834 1712 Macedonas
869 1649 1024 1732 ipsos
1066 1650 1282 1730 cupido
1320 1649 1578 1710 novandi
1620 1669 1711 1709 res
1754 1667 1839 1707 ca·-

461 1777 470 1783 -
523 1749 643 1792 eret
677 1752 693 1790 2
731 1734 922 1814 itaque
962 1731 1028 1793 &
1056 1732 1117 1790 in
1153 1731 1431 1792 Achaiam
1466 1731 1688 1812 legatos
1727 1728 1836 1789 mi·

523 1830 547 1879 t
569 1856 587 1884 ,
626 1811 788 1873 simul
825 1815 934 1894 qui
960 1809 1351 1892 jusjurandum
1388 1809 1514 1893 (ita
1551 1812 1707 1870 enim
1784 1827 1838 1867 e-

520 1894 738 1972 igerant
758 1936 778 1964 ‚
807 1895 1111 1972 quotannis
1145 1891 1423 1972 juraturos
1443 1894 1502 1950 in
1523 1891 1703 1952 verba
1723 1830 1840 1949 lybi-

503 1973 623 2052 ippi
662 1970 691 2053 )
749 1974 1045 2053 exigerent
1087 1993 1102 2030 t
1159 1970 1324 2030 fimul
1375 1974 1474 2052 qui
1535 1971 1840 2031 redderent

481 2051 717 2115 Achaeis
740 2050 1161 2112 Orchomenon
1179 2094 1197 2122 ‚
1221 2052 1286 2111 ὃ(
1311 2051 1611 2127 Heraeam,
1633 2053 1694 2112 &
1715 2048 1841 2110 Tri-

527 2132 749 2213 hyliam
781 2153 800 2205 3
840 2131 991 2193 Eleis
1031 2130 1370 2213 Alipheram
1391 2176 1410 2205 ‚
1450 2129 1842 2192 contendenti-

483 2155 593 2276 bus
635 2233 951 2294 numquam
988 2233 1115 2272 eam
1155 2211 1360 2272 urbem
1407 2210 1567 2272 fuiss’e
1611 2233 1683 2272 ex
1711 2208 1841 2271 Tri·-

489 2293 569 2375 ph
618 2294 694 2352 lia
716 2337 737 2366 ,
766 2291 864 2351 sed
894 2290 998 2351 fibi
1033 2292 1246 2352 debere
1283 2290 1495 2351 restitui
1514 2336 1533 2365 ,
1616 2294 1706 2352 u'a
1732 2307 1841 2351 una

490 2393 525 2433 e
572 2388 628 2431 et
662 2392 735 2433 ex
765 2373 830 2431 iis
860 2416 880 2446 ‚
916 2392 1044 2454 quae
1082 2373 1156 2432 ad
1194 2372 1559 2432 condendam
1669 2371 1845 2453 egalo-

491 2451 674 2534 polim
705 2473 776 2513 ex
807 2453 1055 2514 concilio
1081 2453 1376 2514 Arcadum
1407 2454 1737 2514 contributae
1767 2449 1848 2510 fo-

492 2549 640 2592 rent.
674 2531 747 2592 Et
778 2554 911 2594 cum
947 2532 1182 2594 Achaeis
1211 2535 1447 2615 quidem
1472 2553 1577 2613 per
1606 2535 1726 2592 haec
1757 2530 1845 2590 so·

491 2613 758 2674 cietatem
785 2611 1069 2673 firmabat.
1093 2612 1489 2673 Macedonum
1504 2615 1723 2673 animos
1745 2609 1846 2671 fibi

496 2693 824 2754 conciliavit
842 2713 974 2753 cum
993 2692 1303 2752 Heraclide
1323 2714 1339 2752 ε
1364 2714 1497 2753 nam
1519 2714 1696 2776 quum
1716 2709 1845 2753 eum

484 2774 762 2845 ,maxima
791 2773 1025 2833 invidiae
1048 2770 1152 2833 fibi
1191 2770 1301 2833 effe
1328 2789 1588 2833 cerneret
1609 2819 1630 2848 ,
1661 2771 1849 2833 multis

495 2852 826 2923 crimimbus
857 2868 1154 2935 oneratum
1174 2898 1197 2932 ,
1227 2855 1289 2915 in
1315 2853 1546 2925 vincula
1567 2851 1875 2937 conjecit,-
