2017 3609
483 167 838 289 ιἰηιι
943 215 1303 289 XXXI.
1485 231 1584 310 27

277 349 349 394 res
367 353 383 410 ;
408 349 539 408 nec,
571 332 670 394 nifi
706 355 889 418 quem
921 335 1157 399 vincula
1193 353 1293 397 aut
1327 334 1436 396 alia
1479 357 1794 417 net-²3

280 414 438 476 restitas
463 418 601 476 mori
629 418 963 497 prohibuit,
985 415 1281 500 quisquam
1313 420 1485 478 vivus
1513 422 1571 479 in
1599 437 1793 488 U.c.552.

274 495 548 575 potestatem
567 499 744 560 venit.
759 497 1058 580 Philippus
1074 543 1092 572 ,
1114 497 1386 581 imposito
1403 498 1574 581 Aby-
1589 500 1627 532 ⁸·
1640 487 1795 530 εὖθ’·

265 576 318 635 di
341 577 559 658 praefidio
584 622 602 651 ‚
630 581 691 637 in
719 599 963 661 regnum
990 580 1182 639 rediit.
1206 579 1416 659 Quum
1432 624 1451 653 ,
1470 601 1573 642 ve—

256 656 333 715 lut
367 656 427 717 Sa
494 661 570 719 nti
616 661 912 720 excidium
955 660 1231 720 Annibali
1256 706 1276 733 ‚
1325 658 1400 720 fic
1444 660 1575 722 Phi-

248 737 393 817 lippo
473 739 840 820 bydenorum
888 740 1078 800 clades
1120 740 1194 800 ad
1243 741 1579 805 Romanum

245 817 441 878 bellum
458 824 670 882 animos
686 818 905 881 fecisset
918 866 937 895 ,
955 823 1138 881 nuntii
1161 838 1537 882 occurrerunt
1550 859 1574 895 ,

238 898 509 961 consulem
547 900 665 981 jam
716 905 778 961 in
810 895 986 983 Epiro
1026 900 1135 962 esse
1158 947 1176 975 ‚
1214 905 1281 964 δι
1321 901 1579 983 Apollo·

251 980 390 1039 niam
412 981 687 1042 terrestres
728 1004 801 1044 co
847 986 927 1042 ias
946 1028 966 1059 ,
989 984 1232 1044 navales·
1245 981 1578 1064 Corcyram

247 1060 309 1119 in
339 1060 539 1123 hiberna
569 1064 687 1124 ded
764 1067 779 1100 ν’
831 1085 883 1124 e.

323 1140 466 1204 XIX.
497 1143 652 1205 Inter
670 1145 796 1205 haec
823 1142 1065 1228 legatis»,
1182 1145 1287 1205 iin
1317 1143 1575 1207 Africam
1621 1175 1764 1229 Legunt

236 1220 378 1283 miffi
404 1241 549 1285 erant
582 1225 659 1286 de
704 1226 996 1287 Amilcare
1034 1225 1130 1287 Ga
1154 1226 1248 1285 lici
1293 1228 1576 1290 exercitiis
1601 1230 1771 1269 R⁰''¹·³'⁸

229 1304 408 1377 duce,
438 1304 766 1389 responsum
801 1329 836 1367 a
863 1304 1419 1389 Carthaginiensibus
1455 1308 1537 1369 est
1559 1355 1580 1383 ‚
1595 1280 1750 1329 ΔΓΜ

232 1384 377 1444 nihil
406 1385 534 1447 ultra
567 1386 625 1447 se
666 1385 859 1449 facere
892 1445 893 1448 ,
934 1387 1049 1449 offe
1079 1433 1099 1463 ‚
1136 1387 1310 1470 quam
1339 1405 1406 1449 ut
1439 1388 1582 1449 exss-

230 1465 320 1525 150
349 1486 468 1526 eum
499 1469 808 1530 multarent
830 1513 850 1543 ‚
925 1489 1152 1551 onaque
1183 1468 1306 1548 ejus
1331 1469 1582 1550 publica-

225 1563 367 1607 rent.
408 1548 668 1633 Pei-fugas
725 1551 791 1612 &
838 1549 1116 1632 fugitivos
1139 1588 1158 1622 ,
1240 1571 1347 1610 uos
1392 1552 1583 1633 inqui-

225 1628 404 1688 rendo
444 1628 587 1691 vesti
627 1651 722 1691 are
761 1633 1096 1713 potuerint,
1126 1571 1434 1690 redldidiss'e
1461 1652 1481 1704 ;
1516 1634 1582 1693 &

218 1709 300 1769 de
330 1730 394 1769 ea
416 1732 475 1771 re
506 1713 588 1772 mi
634 1732 769 1772 uros
803 1712 1028 1795 legatos
1045 1711 1343 1783 Romam,
1378 1714 1476 1791 qui
1503 1711 1585 1771 se-

220 1793 375 1850 natui
395 1790 788 1853 satisfacerent.
810 1790 1081 1853 Ducenta
1116 1792 1297 1851 millia
1319 1791 1582 1854 modifim

216 1873 393 1932 tritici
427 1871 674 1933 Romam
693 1916 714 1948 ,
764 1873 1012 1934 ducenta
1048 1872 1123 1933 ad
1169 1875 1483 1934 exercitum
1520 1878 1581 1938 in

223 1950 625 2014 Macedoniam
662 1953 955 2017 miserunt.
978 1953 1124 2015 Inde
1159 1956 1220 2015 in
1243 1954 1582 2018 Numidiam

226 2033 306 2091 ad
338 2053 492 2115 reges
519 2034 759 2117 profeffi
796 2036 848 2096 le
890 2038 965 2094 ati
995 2058 1012 2097 ι
1046 2035 1200 2097 dona
1245 2036 1378 2096 data
1411 2035 1584 2097 Mast-

224 2110 405 2187 niss‘ae,
425 2116 678 2177 mandata
718 2136 792 2188 ue
819 2135 851 2176 e
895 2120 991 2176 ita.
1013 2115 1063 2176 E
1104 2117 1254 2175 uites
1279 2114 1438 2174 mille
1460 2115 1585 2175 Nu*-

221 2195 394 2256 midae
431 2195 647 2280 (quum
731 2218 809 2257 uo
848 2196 1028 2256 millia
1063 2138 1271 2277 daret)
1297 2195 1525 2278 'accepti
1559 2216 1584 2271 3

221 2276 245 2333 i
281 2275 340 2338 se
374 2279 435 2336 in
469 2298 645 2338 naves
665 2277 1059 2359 imponendos
1086 2275 1582 2351 curavit;&cum

257 2360 477 2418 neentis
515 2357 770 2419 millibus
814 2358 1079 2419 modifim
1117 2360 1330 2431 tritici,
1370 2357 1592 2417 ducem

217 2439 284 2497 tis
310 2439 522 2500 hordei
549 2481 573 2514 ‚
616 2441 678 2498 in
724 2437 1133 2498 Macedoniam
1175 2434 1343 2496 mifit.
1388 2436 1586 2501 Tertia

220 2517 426 2602 legatio
454 2519 534 2579 ad
567 2518 909 2579 Verminam
949 2537 1086 2579 erat.
1128 2516 1185 2578 Is
1204 2562 1224 2591 ‚
1254 2517 1327 2577 ad
1406 2521 1583 2578 ‘timos

223 2596 355 2662 fines
388 2601 557 2683 regni
597 2599 797 2681 legatis
833 2599 1071 2659 obviam
1117 2617 1325 2681 pregre
1372 2620 1436 2657 us
1461 2641 1479 2672 ,
1513 2616 1585 2672 ¹ut

230 2676 529 2743 scriberent
549 2678 657 2761 ipsi
679 2723 698 2754 ‚
732 2700 870 2762 quas
893 2681 1113 2742 vellent
1135 2723 1155 2752 ,
1193 2681 1349 2761 pacis
1379 2678 1586 2737 condi-

216 2760 400 2822 tiones
428 2757 714 2845 permisit.
755 2762 978 2823 Omnem
1006 2781 1201 2842 pacem
1241 2761 1440 2819 bonam
1458 2755 1586 2837 jafi

216 2849 424 2926 tamque
439 2840 576 2927 flare
594 2841 703 2926 fibi
736 2861 857 2905 cum
870 2843 1079 2925 populo
1100 2844 1379 2983 Ronfiarfp.
1413 2836 1585 2900 Datae

1305 2937 1345 2997 ¹]
