2017 3609
296 274 733 349 LIBER
832 274 1215 345 XXXV.
1340 294 1469 374 353

57 382 98 450 le
138 388 252 450 atio
283 390 368 451 ad
412 411 647 473 regem
688 391 880 452 rediit.
912 391 1111 452 Boeoti
1152 388 1291 450 nihil
1332 390 1476 451 certi
1509 400 1691 446 εει-εξ

57 490 110 530 re
137 472 534 552 ponderum:
571 477 773 553 Quum
799 474 1112 534 Antiochus
1132 466 1477 533 in'Boeotiam
1499 467 1692 563 ‘dg-5⁶3·

59 553 275 633 venfflt
299 600 324 627 ,
366 573 499 615 tum
525 599 549 625 ,
603 556 858 634 quidfibi
877 552 1209 694 {hciundum
1241 551 1360 630 effit
1378 599 1399 625 ‚
1415 536 1528 631 se⁸'
1582 532 1648 570 '¹⁹
1676 539 1693 557 ”

60 634 458 695 deliberaturos
492 630 628 713 effi.
656 634 873 696 Antioc
919 656 1199 716 uS,quum
1220 635 1289 694 ad
1312 632 1481 694 Chal-

64 713 198 775 cidis
234 714 606 798 praesidium
631 758 653 789 ‚
696 718 760 778 &
785 716 1039 777 Achaeos
1062 717 1126 777 &
1159 714 1480 775 Eumenem

65 812 258 877 regem
287 795 520 856 misisse
558 796 842 872 audisset,
860 795 1259 857 maturandum
1286 812 1441 854 ratus
1459 839 1480 869 ‚

69 890 129 933 ut
155 878 219 938 &
236 879 671 960 praevenirent
699 877 780 941 sui
798 922 817 952 ,
844 879 909 940 &
926 879 1228 940 venientes
1249 923 1267 952 ,
1292 874 1334 935 si
1357 873 1483 956 pos·

69 952 224 1031 sent,
259 962 679 1042 exciperent,
709 958 1059 1042 Menippum
1108 979 1243 1019 cum
1298 958 1483 1017 tribus

70 1034 245 1100 ferme
263 1040 549 1101 millibus
574 1042 832 1101 militum
851 1086 869 1113 ,
891 1043 956 1103 ὃ(
977 1062 1111 1100 cum
1127 1041 1288 1099 omni
1312 1034 1481 1097 classe

74 1115 521 1201 Polyxenidam
556 1123 743 1182 mittit
768 1143 781 1183 :
813 1120 931 1201 ipse
962 1140 1178 1202 paucos
1198 1116 1330 1200 post
1356 1117 1480 1177 dies

74 1195 163 1258 sex
204 1202 395 1263 millia
444 1201 703 1264 suorum
736 1201 1021 1275 militum,
1066 1202 1129 1261 &
1165 1221 1237 1260 ex
1272 1219 1340 1259 ea
1383 1220 1482 1259 co·

81 1280 208 1358 pia,
241 1305 379 1366 quae
433 1283 676 1344 Lamiae
725 1282 962 1364 repente
997 1281 1192 1363 colligi
1231 1281 1419 1363 potuit
1454 1322 1474 1354 ,

82 1378 191 1421 non
226 1367 307 1425 ita
340 1366 585 1426 multos
624 1362 855 1424 AEtolos
880 1363 1053 1424 ducit.
1078 1361 1281 1422 Achaei
1314 1363 1479 1444 quin-

88 1444 274 1521 genti,
321 1449 391 1510 &
444 1447 528 1506 ab
574 1443 840 1506 Eumene
878 1464 1009 1526 rege
1045 1444 1340 1504 modicum
1385 1463 1480 1501 au-

91 1523 282 1585 xilium
321 1526 571 1588 missum
612 1569 632 1599 ,
685 1526 831 1587 duce
873 1523 1200 1585 Xenoclide
1246 1521 1481 1582 Chalci·

90 1601 279 1682 deust,
329 1609 639 1670 nondum'
671 1605 904 1668 obsessis
961 1605 1256 1665 itineribus
1292 1646 1313 1676 ‚
1354 1601 1481 1661 tuto

97 1686 408 1771 transgreffi
437 1689 731 1769 Euripum
753 1732 771 1761 ‚
815 1685 1156 1745 Chalcidem
1199 1701 1485 1763 pervene-

98 1784 238 1830 runt.
279 1769 550 1833 Romani
598 1766 843 1839 militeS,
867 1764 1162 1846 quingenti
1202 1760 1388 1820 ferme
1419 1762 1484 1821 δι

97 1844 198 1927 ipsi
223 1893 242 1923 ‚
279 1872 468 1933 quum
506 1849 636 1930 jam
673 1846 987 1928 Menippus
1014 1841 1191 1904 castra
1214 1858 1341 1901 ante
1366 1839 1485 1900 Sal-

103 1944 272 2008 ganea
296 1933 371 1993 ad
391 1934 745 1993 Hermaeum
767 1974 785 2002 ,
809 1927 920 2010 qua
941 1922 1201 1986 transitus
1223 1943 1296 1983 ex
1309 1922 1484 1983 Boeo-

103 2010 177 2069 tia
200 2014 257 2071 in
286 2011 595 2074 Euboeam
629 2008 869 2071 insulam
907 2006 989 2068 est
1014 2053 1034 2082 ‚
1070 2006 1308 2066 haberet
1332 2049 1351 2078 ‚
1382 2024 1486 2065 ve-

106 2107 321 2154 nerunt.
340 2093 564 2155 Miffio
592 2108 711 2152 erat
738 2112 870 2153 cum
890 2091 991 2162 iis,
1021 2089 1240 2169 legatus
1261 2106 1294 2143 a
1314 2083 1488 2145 Chal-

110 2170 232 2233 cide
265 2175 342 2237 ad
375 2175 739 2261 Quintium,
762 2172 833 2231 ad
869 2170 932 2229 id
953 2168 1139 2250 ipsum
1164 2162 1488 2248 praefidium

113 2256 425 2331 petendum
449 2300 469 2331 ,
502 2251 693 2315 miss‘us
722 2273 742 2326 ;
772 2251 869 2345 qui
906 2247 1210 2330 postquam
1243 2240 1489 2336 obsessas
1583 2253 1588 2259 ·

116 2331 185 2392 ab
221 2335 484 2398 hostibus
522 2332 716 2393 fauces
752 2331 901 2392 vidit
927 2371 947 2403 ,
988 2323 1192 2389 omisso
1227 2325 1301 2386 ad
1327 2322 1492 2384 Aah..

116 2411 248 2475 dem
296 2419 549 2487 itinere,
588 2412 834 2472 Delium
869 2409 1157 2471 convertit
1183 2449 1203 2481 ,
1250 2422 1315 2467 ut
1352 2402 1489 2465 inde

121 2491 176 2552 in
204 2493 495 2560 Euboeam
528 2488 956 2556 transmiffurus.

200 2574 297 2635 LI.
327 2576 649 2659 Templum
673 2571 755 2635 est
779 2569 1072 2657 Apollinis
1085 2565 1323 2628 Delium
1339 2612 1360 2638 ‚
1383 2566 1487 2626 im·
1523 2584 1595 2645 ⁴Aa!
1616 2585 1702 2626 De.

122 2655 349 2712 minens
392 2654 539 2718 'mari
573 2679 587 2719 ς
629 2658 879 2739 quinque
930 2648 1110 2712 millia
1157 2645 1410 2732 paffuum
1453 2634 1706 2723 afflffoefiaefi

126 2729 394 2812 Tanagra
411 2735 563 2798 abest
585 2758 598 2795 ε
621 2738 806 2798 minus
827 2750 1071 2818 quatuor
1090 2729 1333 2791 millium
1352 2728 1485 2788 inde
1509 2734 1693 2776 κΦαινώ

126 2812 185 2873 in
223 2813 484 2892 proxima
512 2810 747 2877 Euboeae
783 2814 863 2876 est
898 2815 1040 2877 mari
1064 2809 1486 2892 trajeftus.Ubi

133 2892 273 2958 &in
305 2890 439 2957 fano
468 2892 711 2984 lucoque
735 2939 755 2976 ,
781 2895 848 2957 ea
870 2893 1242 2989 religione&
1268 2910 1340 2952 eo
1363 2886 1490 2977 jure
