2017 3609
507 231 858 300 LIBER
960 230 1317 300 XXXI.
1503 249 1593 323 ²9

169 344 457 427 'egregie
510 348 583 406 rei
629 346 897 430 gerendae
930 344 1044 407 fisit
1067 392 1087 422 ,
1123 344 1165 406 fi
1209 347 1472 429 protinus
1516 348 1593 409 de
1617 371 1814 406 ειεξ-

189 429 307 484 via
342 426 435 485 ad
483 425 649 487 castra
677 429 1068 511 oppugnanda
1118 425 1369 488 duxisset.
1416 427 1592 489 Palati
1619 429 1817 521 9⁰0⁶&ss

185 502 424 644 Eaffim
472 529 544 568 va
579 508 811 569 abantur
893 529 956 569 er
1008 529 1212 591 agros,
1258 509 1422 570 nullo
1463 508 1590 570 satis
1638 506 1652 522 ’
1695 504 1710 520 ’
1796 501 1813 518 ”

240 608 389 647 rmo
436 589 542 649 reli
591 612 630 650 o
663 532 945 671 praeficiio.
977 587 1308 649 Laffitudini
1343 590 1590 652 militum

177 668 417 727 timuit
437 713 462 740 ,
496 669 647 751 quod
687 692 752 730 ra
795 672 899 730 tim
934 669 1165 730 ducium
1199 690 1411 751 agmen
1451 689 1595 732 erat.

179 744 375 808 Galli
404 791 431 820 ‚
465 751 711 811 clamore
736 692 968 811 Azorum
1005 772 1077 811 ex
1100 772 1134 809 a
1173 753 1249 809 tis
1292 751 1592 823 revocati,

184 825 432 888 oni-iffi
467 831 657 913 praeda
677 876 698 905 ,
735 853 863 913 quae
884 833 943 890 in
979 833 1134 891 mani
1179 852 1244 891 us
1276 847 1397 891 erat
1421 876 1441 905 ‚
1471 826 1596 889 cas-

185 927 295 969 tra
342 914 677 992 repetivere
699 957 720 987 ‚
763 912 829 973 &
879 910 1109 993 postero
1153 911 1249 971 die
1302 914 1364 971 in
1410 912 1595 971 aciem

193 990 539 1080 progteffi:
571 1013 679 1053 nec
715 991 1012 1053 Romanus
1042 1012 1267 1053 moram
1298 990 1594 1087 pugnandi

200 1072 376 1130 tecit
405 1093 424 1147 3
450 1071 548 1133 sed
579 1075 682 1134 vix
709 1071 949 1154 spatium
984 1070 1297 1133 instruendi
1330 1071 1471 1145 fmt3
1514 1092 1591 1133 eo

208 1148 394 1212 cursu
428 1152 620 1215 hostes
650 1155 712 1213 in
745 1155 1018 1235 proelium
1045 1154 1343 1213 venerunt.
1371 1150 1592 1214 Dextra
1629 1165 1814 1206 Proelia-

205 1233 318 1293 ala
358 1230 458 1312 (in
498 1234 613 1293 alas
664 1232 912 1295 divisum
948 1232 1220 1293 socialem
1274 1236 1589 1294 exercitum
1613 1230 1693 1304 ἵζ’
1709 1215 1816 1302 25²⁴

206 1311 519 1395 habebat)
554 1317 612 1373 in
634 1316 825 1396 prima
854 1314 977 1375 acie
1006 1314 1197 1374 locata
1225 1312 1307 1374 est
1335 1337 1353 1388 ;
1376 1317 1434 1374 in
1461 1312 1593 1373 sub-
1617 1314 1771 1402 222⁹·

211 1393 390 1454 fidiis
425 1394 545 1454 duae
581 1393 864 1455 Romanae
928 1394 980 1454 le
1024 1396 1207 1455 'ones.
1255 1393 1347 1455 M.
1394 1395 1596 1456 Furius

219 1474 452 1536 dextrae
483 1474 612 1548 alae,
644 1474 970 1570 legionibus
985 1414 1087 1535 ῗί.
1113 1472 1417 1550 Caecilius,
1439 1478 1602 1556 equi-

219 1553 389 1615 tibus
428 1553 499 1615 L.
528 1554 795 1616 Valerius
838 1555 1074 1616 Flaccus
1124 1553 1348 1637 (legati
1394 1576 1602 1617 omnes

221 1633 443 1717 erant)
535 1634 798 1718 raepofiti.
837 1635 1055 1697 Praetor
1092 1634 1287 1696 secum
1322 1636 1469 1695 duos
1516 1636 1606 1697 le·-

222 1733 397 1797 gatos
416 1760 437 1789 ,
509 1738 587 1776 m.
623 1718 935 1778 Laetorium
958 1718 1026 1778 &
1061 1715 1124 1775 Ρ.
1155 1714 1441 1774 Titinium
1460 1760 1479 1790 ,
1506 1716 1609 1778 ha-

220 1795 409 1856 bebat
442 1818 463 1870 3
492 1818 625 1856 cum
706 1797 869 1858 uibus
893 1793 1327 1876 circumspicere
1354 1796 1417 1857 &
1440 1795 1608 1856 obire

228 1876 310 1935 ad
345 1897 552 1937 omnes
581 1820 830 1939 hostium
870 1876 1086 1938 subitos
1127 1892 1366 1937 conatus
1400 1875 1608 1958 posset.

232 1956 436 2016 Primo
482 1954 674 2030 Galli,
709 1959 868 2019 omni
907 1956 1274 2017 multitudine
1316 1958 1376 2016 in
1425 1979 1608 2019 unum

237 2037 446 2095 locum
463 2040 681 2098 connixi
698 2083 717 2111 ,
737 2038 984 2100 obruere
1003 2055 1174 2119 atque
1192 2036 1459 2098 obterere
1491 2036 1608 2096 sese

244 2116 512 2176 dextram
540 2118 681 2178 alam
702 2162 721 2191 ‚
753 2140 883 2199 quae
914 2120 1100 2199 prima
1134 2134 1254 2177 erat
1276 2161 1294 2190 ,
1317 2114 1611 2197 sperarunt

237 2192 405 2278 poss‘e
434 2217 451 2255 ε
487 2198 580 2257 ubi
610 2199 672 2259 id
709 2219 912 2279 pamm
949 2196 1303 2277 procedebat
1321 2240 1341 2270 ,
1366 2198 1614 2255 circum-

238 2278 444 2338 venire
479 2299 512 2337 a
560 2279 830 2340 cornibus
855 2322 873 2350 ‚
929 2279 997 2340 &
1042 2273 1309 2357 ampleffi
1356 2274 1609 2337 hostium

239 2361 426 2417 aciem
461 2356 662 2451 (quod
696 2362 756 2418 in
789 2357 1151 2419 multitudine
1176 2355 1451 2418 advershs
1478 2377 1613 2437 pau-

243 2459 347 2497 cos
382 2436 550 2498 facile
589 2437 937 2520 videbatur)
981 2439 1170 2499 conati
1218 2434 1363 2498 sunt.
1405 2435 1474 2496 Id
1516 2437 1616 2497 ubi

243 2518 396 2578 vidit
473 2536 681 2593 raetor,
719 2537 783 2580 ut
824 2521 892 2582 δε
927 2520 946 2578 i
992 2515 1048 2577 se
1084 2516 1342 2577 dilataret
1388 2519 1569 2577 aciem
1587 2521 1615 2590 '‚

251 2597 394 2657 duas
457 2601 689 2678 egiones
721 2620 793 2659 ex
827 2598 927 2659 sub
953 2600 1082 2659 1diis
1123 2596 1321 2658 dextra
1353 2599 1618 2679 laevaque

258 2677 366 2735 alze
384 2720 404 2748 ,
432 2698 559 2757 quae
592 2681 650 2737 in
672 2682 857 2758 prima
879 2683 999 2739 acie
1018 2678 1307 2762 pugnabat
1323 2722 1343 2752 ,
1376 2680 1620 2738 circum-

256 2754 405 2823 dat,
440 2757 616 2816 aedem
660 2779 730 2818 ue
762 2759 875 2821 deo
912 2760 1047 2822 Jovi
1082 2762 1289 2833 vovit,
1333 2755 1378 2816 fi
1416 2779 1491 2819 eo
1519 2758 1616 2817 die

248 2830 460 2899 hostes
491 2833 610 2898 fudi
653 2854 726 2902 et.
761 2838 825 2905 L.
848 2837 1089 2904 Valerio
1124 2842 1371 2982 im133er3t,
1387 2882 1409 2911 9
1438 2854 1502 2897 ut
1533 2837 1616 2896 51·-

1314 2939 1375 2996 ¹¹1
