2017 3609
496 178 630 235 110
881 149 1495 233 zzzrtz

269 300 457 356 εξ
486 280 628 362 quid
659 278 945 342 decreturi
976 276 1201 355 effent3
1237 277 1499 362 Dymaei
1529 296 1597 338 ac
1626 269 1878 360 Megatoa

265 352 469 463 “fg-553
488 361 728 445 politani
741 404 760 435 ,
782 364 848 423 &
862 362 1099 444 quidam
1117 359 1498 444 Argivorum
1514 402 1535 434 ,
1553 357 1878 442 priusquam

362 427 427 468 ’Ψ
485 443 791 505 decretum
822 441 989 505 fieret
1007 487 1032 520 ,
1065 439 1607 515 consurrexerunt,
1643 461 1709 501 ac
1746 439 1874 498 reli-

484 541 738 608 querunt
773 522 1086 586 concilium
1109 567 1130 600 ‚
1165 545 1369 608 neque
1414 525 1666 585 mirante
1715 520 1833 582 ullo
1850 561 1875 592 ,

482 626 675 690 neque
698 607 1084 689 improbante.
1114 604 1275 667 Nam
1301 601 1416 666 Me
1460 604 1877 687 alopolitanos‚

479 705 730 749 avorum
768 687 1053 750 memoria
1102 686 1304 769 pulsos
1368 707 1404 747 a
1504 684 1873 747 Lacedaemo-

480 770 595 830 niis
617 812 636 843 ,
668 767 985 831 restituerat
1015 771 1079 829 in
1108 769 1363 851 patriam
1409 765 1743 850 Antigonus
1772 762 1870 838 3&

480 842 757 932 Dymaeis
774 894 794 924 ‚
821 853 1001 931 captis
1017 870 1202 931 nuper
1225 848 1597 931 direptisque
1631 846 1705 907 ab
1728 863 1872 905 exer-

478 933 599 995 citu
630 930 899 991 Romano
918 975 938 1006 ‚
1054 951 1154 990 um
1191 930 1413 990 redimi
1441 950 1549 990 eos
1576 974 1598 1004 ,
1628 928 1869 989 ubicum·

477 1020 598 1092 que
634 1009 912 1072 servirent
936 1054 957 1085 ‚
1031 1010 1129 1070 hili
1216 1032 1287 1070 us
1319 1008 1610 1092 juffiffet,
1648 1027 1766 1069 non
1801 1003 1869 1064 li·

476 1090 759 1152 bertatern
787 1092 972 1154 modo
998 1137 1025 1167 ,.
1050 1090 1086 1152 s
1188 1094 1376 1153 etiam
1418 1093 1672 1176 patriam
1694 1132 1713 1163 ‚
1750 1083 1865 1147 red-

477 1171 724 1233 diderat.
777 1171 906 1234 Jam
938 1172 1148 1257 Argivi
1189 1215 1211 1248 ‚
1267 1189 1672 1257 praeterquam
1719 1164 1861 1251 qubd

475 1249 877 1315 Macedonum
906 1276 972 1316 re
1012 1276 1073 1316 es
1102 1255 1173 1316 ab
1195 1252 1252 1315 se
1279 1255 1573 1317 oriundos
1600 1251 1857 1318 credunt,

475 1335 712 1430 privatis
752 1337 927 1395 etiam
971 1275 1238 1419 {ospitiis
1287 1335 1688 1417 familiarique
1728 1330 1859 1391 ami-

473 1415 613 1476 citia
646 1416 911 1513 plerique
954 1416 1155 1500 illigati
1203 1416 1489 1500 Philippo
1550 1429 1725 1477 erant.
1764 1408 1855 1473 Ob
1956 1504 1957 1511 ἵ

473 1496 600 1558 haec
630 1497 882 1559 concilio
901 1542 920 1573 ,
956 1499 1119 1581 quod
1151 1497 1545 1560 inclinaverat
1571 1496 1643 1556 ad
1667 1493 1854 1554 Roma-

472 1597 611 1639 nam
651 1578 984 1640 societatem
1036 1577 1359 1659 iubendam
1392 1623 1415 1653 ‚
1471 1574 1857 1642 excefferunt3

473 1662 761 1743 veniaque
794 1662 861 1721 iis
900 1656 1073 1740 hujus
1091 1658 1431 1722 seceffionis
1466 1659 1581 1720 fuit
1605 1702 1626 1732 ,
1659 1658 1723 1719 &
1751 1669 1853 1713 ma·

473 1738 602 1824 'gnis
635 1743 701 1803 δι
737 1741 1067 1804 recentibus
1103 1741 1381 1826 obliga-tis
1420 1739 1740 1802 beneficiis.

265 1882 280 1896 ·
311 1832 430 1875 Pasa
559 1821 783 1884 XXIII.
806 1819 1006 1885 Ceteri
1037 1824 1241 1907 populi
1264 1823 1665 1893 Achaeorum,
1690 1831 1849 1902 quum

257 1885 461 1973 3²:2⁴5.
478 1900 770 1964 sententiae
888 1923 1257 1986 rrogarentur
1286 1950 1309 1977 ,
1353 1905 1693 1966 societatem
1728 1911 1844 1957 cum

251 1978 680 2076 ssssgfgmAttalo
723 2006 789 2044 ac
920 1986 1067 2045 odiis
1107 1984 1378 2068 praesenti
1424 1987 1666 2047 decreto
1717 1995 1845 2039 con·

362 2077 374 2089 “
408 2050 440 2073 ”
477 2061 772 2125 firmarunt
804 2087 823 2141 ;
857 2086 989 2126 cum
1018 2065 1340 2143 Romanisg
1369 2071 1510 2163 quia
1530 2059 1730 2146 injussu
1755 2076 1845 2140 por

473 2146 597 2228 puli
625 2167 744 2207 non
773 2163 998 2228 poterat
1034 2163 1151 2207 rata
1182 2145 1295 2209 esse
1322 2191 1341 2222 ‚
1380 2170 1443 2208 m
1485 2148 1548 2208 id
1587 2163 1701 2205 tem
1742 2158 1840 2207 us,

472 2246 593 2307 quo
633 2227 883 2288 Romam
927 2230 1079 2288 mitti
1132 2227 1305 2313 legati
1350 2227 1587 2312 poss'ent
1614 2272 1633 2302 ,
1728 2218 1839 2280 ssata

414 2370 419 2376 ,
473 2304 557 2366 est
589 2329 603 2367 :
633 2311 692 2368 in
725 2307 1026 2390 praesentia
1067 2326 1182 2371 tres
1218 2313 1445 2394 legatos
1476 2310 1551 2370 ad
1571 2309 1645 2370 L..
1666 2300 1835 2383 Quin-

471 2388 617 2462 tium
661 2392 810 2450 mitti
850 2391 1064 2472 placuit
1083 2436 1107 2465 ,
1143 2393 1208 2454 &
1255 2394 1581 2453 exercitum
1619 2397 1837 2448 omnem

257 2479 441 2566 steort„-
470 2466 828 2531 Achaeorum
849 2472 924 2532 ad
945 2470 1299 2534 Corinthum
1343 2470 1648 2535 admoveri
1670 2488 1691 2539 ;
1719 2479 1835 2554 cap

248 2544 462 2630 ,ἧᾌαῗῶζ
474 2550 546 2612 tis
580 2544 895 2611 Cenchreis
919 2595 939 2625 ,
972 2549 1091 2633 jam
1128 2554 1336 2616 urbem
1372 2552 1556 2635 ipsam
1599 2547 1835 2629 Quintw

474 2648 862 2713 oppugnante.
892 2631 968 2693 Et
1006 2635 1065 2693 hi
1101 2635 1341 2717 quidem
1374 2656 1408 2696 e
1450 2635 1688 2717 regione
1714 2640 1836 2706 por‘

469 2724 543 2769 tae
563 2755 584 2784 ‚
618 2732 743 2793 quae
775 2711 883 2772 fert
915 2711 1235 2796 Sicyonem
1260 2760 1281 2790 ,
1312 2713 1626 2798 posuerunt
1652 2703 1835 2769 castra·

467 2789 717 2855 Romani
747 2793 819 2856 ad
861 2789 1193 2860 Cenchreas
1229 2795 1454 2885 versam
1500 2809 1721 2881 partem
1752 2802 1837 2850 ure
