2017 3609
316 271 734 340 LIBER
832 270 1219 342 XXXV.
1339 290 1476 368 32‘9

67 383 309 447 mnibus
330 431 359 459 ,
393 389 507 467 qui
543 388 821 448 Grae-iam
839 388 1131 469 Asiamque
1154 390 1470 461 incolerent,
1499 396 1691 442 za?

65 466 131 523 ait
151 510 175 537 ,
215 469 464 549 integris
504 468 678 527 rebus
711 468 958 550 Philippi
986 469 1218 550 potuiffe
1247 465 1693 566 interve-3512:

65 547 166 605 nire
217 548 619 608 Antiochum
657 569 676 607 .·
700 546 810 626 sita
865 571 1118 629 quemque
1175 553 1473 612 habiturum

63 623 246 705 fitiffl,
280 650 483 710 neque
527 630 728 688 omnia
750 626 856 706 fich
892 647 1081 690 nutum
1119 633 1472 711 ditionemque

63 709 374 769 Romanam
390 726 768 789 perventura.
791 711 962 769 Nunc
991 733 1199 790 quoque
1213 757 1235 783 ‚
1258 713 1472 792 inquit,

62 787 106 858 fi
121 788 279 848 modo
299 812 419 850 vos
441 833 468 861 ‚
497 810 633 870 quat
646 790 964 868 inchoastis,
991 793 1213 871 confilia
1235 795 1478 872 eonstan·

66 884 138 924 ter
161 871 495 947 perducitis
543 871 634 928 ad
670 871 871 929 exitum
893 915 915 942 ,
943 875 1141 951 poterit
1155 916 1179 944 ,
1223 873 1334 931 diis
1359 869 1475 951 ju-

70 950 322 1010 vantibus
340 995 367 1023 ,
385 951 450 1011 6·
470 950 711 1010 AEtolis
715 947 888 1027 sociis
904 995 928 1025 ,
946 952 1259 1012 Antiochus
1280 974 1472 1033 quam-

67 1029 146 1087 vis
172 1030 513 1092 inclinatas
558 1031 789 1090 Graecioe
811 1052 891 1090 res
927 1035 1179 1114 restituere
1204 1035 1263 1092 in
1297 1034 1473 1113 pristi-

70 1129 184 1167 nam
214 1112 598 1193 dignitatem.
635 1113 727 1170 Ea
764 1129 943 1171 autem
980 1115 1040 1172 in
1087 1114 1325 1172 libertate
1359 1132 1470 1192 po-

64 1188 165 1263 fita
185 1192 254 1270 est
270 1235 290 1264 ,
318 1213 450 1273 quae
477 1190 623 1270 fitis
643 1193 756 1271 stat
784 1192 989 1251 viribus
1005 1236 1028 1262 ‚
1057 1215 1166 1252 non
1191 1213 1260 1250 ex
1284 1191 1464 1251 alieno

74 1269 277 1330 arbitrio
306 1273 560 1353 pendet.
606 1268 987 1330 Athenienses
1014 1316 1034 1345 ,
1088 1272 1291 1353 quibus
1344 1275 1464 1353 pri·

80 1350 210 1422 mis,
261 1350 401 1433 post
456 1351 703 1433 regiam
754 1351 1102 1432 legationem
1128 1398 1147 1426 ‚
1189 1352 1413 1412 dicendi
1439 1397 1460 1427 ‚

78 1447 193 1507 quae
219 1432 463 1493 vellent
484 1477 507 1507 ‚
550 1427 813 1513 potestas
847 1429 988 1491 faeta
1018 1431 1128 1505 est,
1160 1435 1459 1497 mentione

84 1512 231 1575 omni
258 1516 417 1594 tegis
449 1509 870 1595 praetermifla,
901 1510 1180 1573 Romanae
1229 1512 1464 1573 societa-

82 1588 145 1646 tis
174 1591 408 1654 AEtolos
443 1636 465 1665 ,
515 1593 981 1672 meritorumque
1025 1592 1086 1651 in
1137 1590 1461 1653 universam

83 1665 359 1737 Gtaeeiam
403 1672 490 1734 T.
530 1670 774 1750 Quintii
794 1714 813 1742 ‚
848 1671 1267 1729 admonuerunt
1312 1691 1328 1730 t
1370 1673 1463 1729 Ne

89 1764 255 1812 temere
290 1775 414 1814 eam
452 1754 735 1814 oelen'tate
765 1750 938 1810 nimid
974 1749 1301 1827 consiliorum
1326 1771 1465 1807 ever-

87 1845 250 1894 terent.
278 1835 537 1913 Confilia
587 1831 775 1890 calida
797 1830 854 1890 6·
885 1830 1129 1888 audacia
1143 1830 1323 1910 prima
1339 1826 1464 1908 spo-
1497 1863 1501 1867 -

93 1910 161 1966 cie
200 1912 324 1972 laeta
348 1959 376 1985 ,
404 1914 652 1974 trac-'latu
698 1913 835 1970 dura
852 1955 875 1980 ,
915 1927 1105 1969 eventu
1142 1911 1305 1992 tristia
1343 1908 1462 1987 ιβ’.
1555 1950 1560 1959 ·

90 1989 310 2070 Legatos
341 1999 648 2055 Romanos
670 2035 691 2062 ,
732 1991 789 2051 6·
826 1993 884 2051 in
915 1992 995 2050 iis
1027 1993 1088 2051 T.
1129 1992 1413 2073 Quintium
1434 2002 1466 2061 ,'

95 2068 235 2139 haud.
249 2077 451 2153 proc-ul
476 2073 625 2134 «inde
659 2070 839 2150 abff.
865 2074 1024 2131 Dum
1048 2072 1250 2152 integra
1273 2072 1459 2129 omnia

97 2146 240 2226 effent
254 2198 277 2225 ‚
310 2156 496 2214 verbis
512 2151 712 2234 po'tiits
739 2154 805 2210 de
836 2154 909 2211 iis
933 2194 951 2223 ,
989 2171 1106 2230 quae
1139 2151 1462 2231 ambigeren-

94 2243 172 2287 tur
186 2275 208 2303 ‚
236 2234 607 2315 dilbeptarent
620 2275 645 2301 ,
671 2230 832 2309 quam
853 2233 1044 2308 Asiam
1082 2233 1459 2312 Europamque

96 2312 168 2368 ad
180 2310 319 2388 fitne
359 2337 453 2373 um
491 2326 760 2371 armarent
792 2309 1005 2370 bellum.
1428 2336 1434 2346 ·

166 2388 280 2451 XX
343 2392 473 2454 111:
494 2388 814 2450 Multitudo
848 2388 1017 2449 avida
1044 2388 1299 2450 novandi
1321 2408 1411 2448 res
1434 2426 1454 2462 ,

99 2465 370 2533 Antiochi
387 2488 521 2533 tota
554 2486 674 2529 erat
693 2491 713 2543 ;
731 2468 795 2528 δι
820 2488 896 2527 ne
917 2467 1304 2528 admittendos
1329 2471 1456 2550 qui-

97 2546 227 2609 dem
272 2553 334 2612 in
384 2549 699 2613 concilium
744 2547 1042 2608 Romanos
1093 2546 1394 2608 censebant
1436 2571 1453 2611 t

92 2631 415 2708 principum
436 2631 684 2695 maxime
715 2627 964 2689 seniores
1002 2626 1335 2689 auftoritate
1355 2630 1457 2689 ob-

86 2708 323 2767 ·tinuere
343 2754 365 2779 ,
394 2726 460 2772 ut
500 2711 726 2773 daretur
748 2712 815 2770 iis
836 2710 1162 2771 concilium.
1195 2709 1329 2771 Hoc
1353 2711 1459 2770 de-

95 2801 318 2845 cretum
341 2785 720 2851 Athenienses
743 2811 921 2872 quum
943 2788 1253 2855 retuliss'ent
1270 2834 1289 2861 ‚
1312 2809 1456 2847 eun-

103 2865 329 2949 damin
365 2866 641 2966 AEtoliam
671 2869 917 2957 Quintio
958 2870 1144 2937 visum
1185 2866 1287 2934 est.
1330 2870 1456 2932 Am
1495 2934 1500 2939 ,
