2017 3609
419 260 503 332 32
802 242 1402 313 T.L1V11

184 369 389 410 ¹========
415 352 591 436 usque
630 353 704 413 ad
744 354 980 421 nociem
1031 360 1231 419 tenuit.
1281 358 1489 420 Primis
1527 355 1842 416 tenebris

190 423 399 519 23:232:
416 437 605 495 movit
624 458 645 510 3
665 437 730 497 &
747 434 1052 520 tranquillo
1076 437 1376 520 perveEius'
1402 436 1788 499 Chalcidem
1803 480 1836 509 ‚

460 515 590 576 aulo
617 532 745 577 ante
777 517 969 579 lucem
988 565 1007 594 ,
1040 521 1151 601 qua
1171 516 1680 601 infrequentiffima
1711 538 1838 576 ur·
1909 573 1916 576 ,

415 537 505 656 Eis
532 595 657 658 sunt
674 641 695 670 ‚
715 601 908 679 paucis
926 600 1199 661 militibus
1232 602 1430 661 turrim
1457 600 1837 678 proximant

418 699 766 761 murumque
802 682 952 742 circa
985 681 1145 741 scalis
1184 684 1374 762 cepit,
1409 679 1546 740 alibi
1583 676 1834 759 sopitis
1878 726 1883 732 .

417 757 750 820 custodibus
773 805 794 833 ,
828 761 959 821 alibi
993 762 1158 823 nullo
1201 761 1556 823 custodiente
1596 780 1614 820 ε
1650 779 1836 840 pro-

421 838 585 922 greffi
614 840 744 900 inde
765 840 838 898 ad
860 840 1181 921 frequentia
1196 842 1447 902 aedificiis
1466 839 1593 900 loca
1614 879 1636 910 ‚
1664 836 1832 898 cuf-

419 920 654 979 todibus
688 918 1027 994 interfeffiS‚
1058 921 1409 1002 refractaque
1441 920 1650 1003 porta,
1698 938 1832 979 ce-

421 1017 606 1058 teram
625 1000 1051 1061 multitudinem
1063 1020 1410 1062 armatorum
1423 1016 1829 1082 acceperunt.

421 1078 567 1139 Inde
597 1082 657 1139 in
687 1096 872 1141 totam
903 1081 1107 1143 urbem
1135 1082 1441 1143 discursum
1475 1081 1556 1142 est
1579 1104 1599 1156 ;
1622 1078 1824 1141 auflo

426 1162 604 1218 etiam
653 1163 901 1223 tumultu
934 1207 955 1236 ,
999 1164 1159 1244 quod
1207 1166 1357 1225 circa
1409 1162 1600 1224 forum
1640 1162 1822 1243 ignis

426 1237 591 1300 tectis
625 1241 862 1321 injecius
903 1261 1042 1303 erat.
1076 1242 1514 1325 Conflagrarunt
1553 1245 1617 1304 δι
1652 1242 1821 1301 hor-

426 1340 525 1380 rea
561 1324 716 1403 regia
737 1366 757 1396 ‚
789 1326 854 1386 &
888 1328 1385 1386 armamentarium
1409 1345 1540 1384 cum
1573 1325 1815 1404 ingenti

427 1423 462 1460 a
505 1420 702 1480 paratu
773 1405 1169 1465 machinarum
1234 1422 1812 1485 tormentorumque.

491 1482 641 1541 aedes
671 1484 805 1545 inde
843 1483 1041 1567 paffim
1090 1486 1430 1568 fugientium
1471 1486 1683 1567 pariter
1725 1506 1808 1544 ac

428 1565 867 1645 repugnantium
915 1564 1042 1626 fieri
1093 1585 1282 1649 coepta
1332 1565 1415 1627 est
1458 1588 1476 1640 ;
1519 1585 1628 1625 nec
1671 1563 1810 1626 ullo

428 1640 590 1723 jam,
635 1648 731 1726 qui
780 1647 1040 1706 militaris
1092 1651 1275 1708 aetatis
1320 1645 1497 1721 esset,
1536 1667 1654 1705 non
1699 1663 1809 1706 aut

429 1723 576 1784 caeso
601 1768 619 1797 ,
641 1744 736 1786 aut
753 1726 951 1809 fugato
974 1775 993 1802 ‚
1015 1727 1261 1809 Sopatro
1285 1732 1453 1788 etiam
1485 1727 1802 1787 Acarnane

420 1804 700 1885 praefecto
733 1807 977 1889 praefidii
1014 1808 1316 1870 interfefflo
1338 1853 1355 1882 ,
1382 1807 1577 1890 praeda
1606 1809 1805 1868 omnis

428 1887 620 1964 primo
661 1888 720 1945 in
757 1887 948 1947 forum
988 1889 1235 1963 collata,
1280 1889 1487 1949 deinde
1525 1890 1585 1947 in
1617 1909 1805 1948 naves

429 1963 697 2046 impofita
725 1989 740 2025 ε
773 1988 964 2028 carcer
994 1973 1164 2028 etiam
1194 1971 1265 2028 ab
1303 1967 1548 2028 Rhodiis
1584 1967 1805 2028 refrac-

430 2061 520 2105 tus
539 2067 558 2120 ;
579 2043 871 2129 emiffique
898 2050 1144 2129 captivi,
1162 2070 1310 2191 auos
1332 2049 1624 2129 Philippus
1652 2065 1806 2109 tam-

218 2118 417 2205 ιαῖἶῖἶῗ
476 2147 607 2186 uam
636 2129 697 2189 in
724 2125 1055 2189 tutiffimam
1088 2150 1159 2190 cu
1210 2129 1405 2190 odiam
1436 2130 1805 2191 condiderat.

216 2217 408 2266 ‘intuunt-
433 2148 643 2268 §tamis
689 2208 824 2268 inde
874 2212 1026 2291 regis
1080 2209 1319 2290 dejeffis
1376 2209 1757 2291 truncatisque
1787 2257 1812 2285 ,
1880 2243 1888 2250 ·

432 2286 593 2369 figno
621 2291 878 2369 receptui
909 2290 1080 2364 dato'‚
1106 2289 1561 2351 conscenderunt
1589 2311 1807 2367 naveS‚

435 2370 502 2430 ὃ(
515 2368 789 2428 Piraeeum
799 2412 819 2441 ‚
837 2369 988 2431 unde
1014 2370 1256 2451 profesti
1283 2386 1444 2429 erant
1456 2414 1475 2443 ,
1488 2370 1806 2434 redierunt.

435 2446 626 2526 Quod
654 2447 697 2508 fi
727 2466 950 2509 tantum
973 2451 1222 2511 militum
1245 2449 1644 2510 Romanorum
1666 2449 1812 2511 fuis-

435 2526 557 2602 set,
592 2545 655 2588 ut
697 2531 761 2590 δι
800 2528 1033 2592 Chalcis
1072 2532 1255 2592 teneti
1283 2572 1303 2601 ‚
1337 2531 1402 2589 &
1434 2550 1555 2588 non
1614 2529 1809 2594 deseri

432 2606 760 2689 praesidium
777 2609 1138 2669 Athenarum
1159 2606 1426 2690 potuiss'et
1445 2628 1463 2679 ;
1480 2628 1574 2668 ma
1613 2629 1684 2666 na
1705 2630 1806 2675 res

432 2690 714 2770 principio
757 2688 940 2748 statim
975 2689 1155 2762 belli,
1185 2687 1413 2748 Chalcis
1448 2689 1513 2749 δι
1550 2627 1801 2770 Eguripus

436 2767 706 2848 adempta
729 2772 850 2851 regi
876 2768 1068 2830 forent
1106 2790 1122 2829 ε
1161 2789 1294 2828 nam
1332 2786 1398 2828 ut
1429 2768 1578 2829 terra
1620 2767 1804 2832 Ther·

432 2847 804 2929 mopylarum
850 2847 1118 2929 angustiae
1155 2848 1446 2916 Graeciam
1474 2894 1496 2926 ,
1537 2852 1616 2913 ita
1659 2854 1801 2930 mati

436 2927 647 2992 fretum
677 2927 875 3012 Euripi
908 2929 1143 3000 claudit.
