2017 3609
406 127 767 257 'Lmen
870 183 1229 257 XXXI.
1418 199 1504 280 39

204 289 495 380 bonoquium
513 348 533 378 ,
563 320 626 364 ut
660 300 801 364 fidei
825 300 1230 363 Romanorum
1256 300 1315 364 se
1342 324 1504 365 com·
1529 309 1725 361 d

209 376 437 460 uiuerent
456 426 474 456 ‚
501 384 780 464 perlicere
811 381 898 445 est
937 402 1170 445 conatus
1196 406 1211 445 t
1252 384 1499 460 deinde,
1524 383 1730 476 ἓξὲξ.

210 455 659 604 ubi-magnitudine
684 487 752 540 ac
783 462 1324 561 moenibussstuque
1346 467 1501 564 urbis
1631 537 1646 544 ,

243 556 331 614 en,
418 544 496 606 &a
515 544 990 628 aspernabantur,
1030 568 1092 607 vr
1120 563 1294 628 atque
1332 568 1502 610 armis

193 618 382 685 adortus
398 669 417 698 ,
452 630 833 710 expugnavit,
906 624 1290 709 uberibusque
1328 630 1504 690 inter-

192 696 317 795 feffis
334 748 352 778 ‚
378 708 565 787 praeda
600 711 765 769 omni
792 648 1065 769 miI’itibus
1088 705 1352 769 conceffl
1373 753 1393 783 ,
1424 710 1508 770 di·

190 788 1509 931 samareum&

649 913 670 943 9

92 997 93 1034 Ξ
195 945 464 1024 oppidum,
490 948 608 1012 fine
633 952 944 1013 certamine
964 968 1028 1011 ut
1059 951 1366 1011 dederetur
1382 949 1508 1012 Ro-

92 1041 93 1044 ’
195 1027 371 1100 manis,
391 1028 594 1092 effecit.
627 1030 899 1094 Praefidio
944 1032 1028 1092 ibi
1080 1030 1280 1092 relicto
1301 1076 1321 1105 ,
1359 1029 1510 1094 Ilion

193 1100 407 1185 (nomen
439 1128 680 1193 propter
709 1112 949 1174 alteram
988 1113 1050 1171 in
1089 1110 1227 1173 Afia
1258 1111 1463 1174 urbem
1488 1158 1512 1189 ‚

192 1186 334 1267 quim
362 1193 639 1274 oppidum
659 1237 678 1266 ‚
712 1190 956 1275 notius)
996 1194 1058 1254 vi
1104 1195 1344 1274 capitur.
1388 1192 1509 1254 Re-

187 1288 469 1333 vertentem
513 1273 767 1356 legatum
802 1274 875 1336 ad
915 1271 1211 1335 consulem
1246 1293 1380 1334 cum
1424 1271 1514 1334 sa-

191 1353 254 1409 tis
276 1372 453 1434 magna
469 1355 666 1436 praeda
685 1399 705 1429 ‚
733 1354 1135 1437 Athenagoras
1161 1355 1393 1436 quidam
1418 1375 1513 1415 re-

193 1432 299 1511 gius
330 1433 608 1514 praefeaus
641 1437 703 1496 in
748 1434 983 1495 transitu
1030 1433 1277 1495 fluminis
1327 1457 1361 1494 a
1410 1456 1515 1497 no-

189 1510 378 1574 viffimo
411 1517 635 1598 agmine
666 1515 899 1576 adortus
921 1561 939 1591 ‚
979 1513 1301 1597 postremos
1329 1516 1521 1577 turba-

190 1595 262 1652 vit
291 1617 306 1655 ε
345 1597 412 1656 ad
446 1617 695 1679 quorum
735 1596 1053 1658 clamorem
1090 1598 1156 1657 δι
1187 1596 1520 1676 trepidatio-

188 1691 300 1735 nem
324 1698 492 1759 quum
525 1676 792 1739 revectus
828 1699 983 1769 equo
1005 1696 1271 1816 {propere
1297 1677 1352 1735 le
1393 1694 1524 1737 atus

189 1751 319 1837 figna
342 1756 735 1832 convertisset,
758 1757 1004 1837 conjecti
1029 1776 1143 1838 que
1176 1759 1235 1815 in
1259 1776 1356 1816 me
1399 1758 1522 1817 ium

190 1832 383 1899 sarcinis
412 1842 594 1901 aciem
614 1837 899 1900 direxiffet
928 1860 948 1913 ;
975 1859 1096 1898 non
1127 1838 1308 1898 tulere
1328 1839 1526 1919 impe-

195 1931 296 1979 tum
317 1918 706 1981 Romanorum
740 1921 985 1981 militum
1018 1920 1160 2002 regii
1190 1943 1205 1980 :
1246 1919 1411 1979 multi
1443 1941 1520 1979 ex

197 1996 252 2056 iis
283 2000 470 2075 occisi,
507 2002 702 2084 plures
730 2005 899 2082 capti.
932 2001 1016 2062 Le
1057 2018 1219 2074 atuS,
1240 2001 1528 2059 incolumi·

199 2082 418 2142 exercitu
447 2081 680 2143 reducto
725 2082 801 2142 ad
839 2081 1015 2143 consu
1039 2101 1134 2141 em
1155 2124 1177 2154 ,
1215 2081 1525 2140 remittitur

196 2158 305 2222 inde
342 2164 626 2245 extemplo
656 2162 728 2223 ad
761 2162 1006 2223 classem.

255 2241 523 2304 XXVIII.
547 2243 677 2303 Hac
700 2242 825 2304 satis
846 2241 1003 2303 felici
1013 2241 1380 2323 expeditione
1397 2239 1526 2301 bel·-

197 2317 244 2381 lo
271 2322 555 2385 commiss'o
584 2370 605 2399 ‚
642 2324 823 2407 reguli
867 2346 932 2384 ac
986 2325 1275 2403 principes
1312 2322 1527 2382 accolae

201 2397 560 2466 Macedonum
607 2407 667 2463 in
708 2404 885 2466 castra
933 2403 1201 2464 Romana
1242 2403 1484 2462 veniunt
1507 2445 1528 2475 ,

116 2519 121 2524 -
200 2478 452 2547 Pleuratus
476 2483 808 2547 Scerdilaedi
841 2483 990 2545 filius
1008 2526 1027 2555 ‚
1050 2484 1114 2545 &
1140 2482 1528 2563 Amynander

207 2560 560 2628 Athamanum
598 2588 697 2626 rex
721 2610 740 2639 ‚
784 2568 851 2629 δε
901 2586 976 2626 ex
1019 2562 1302 2625 Dardanis
1341 2562 1488 2622 Bato
1503 2604 1527 2635 ,

208 2638 412 2732 Longari
444 2646 614 2708 filius.
647 2646 872 2707 Bellum
896 2645 998 2706 suo
1036 2647 1273 2705 nomine
1307 2641 1533 2724 Longa-

211 2739 280 2784 rus
299 2749 425 2790 cum
451 2726 760 2787 Demetrio
797 2727 1046 2808 Philippi
1079 2741 1238 2806 patre
1270 2719 1530 2804 gesserat.

204 2797 575 2875 1³olficentibus
594 2809 796 2872 auxilia
814 2806 1109 2891 respondit
1130 2800 1323 2870 consul
1337 2845 1359 2876 ,
1376 2799 1541 2864 Dar-
