2017 3609
324 219 747 291 rtem
847 217 1209 292 XXXI.
1386 237 1473 318 73

154 337 426 401 multaticio
475 361 538 400 ar
579 355 717 400 ento
767 338 829 398 in
889 341 1092 399 aerario
1148 335 1477 419 posuerunt.
1503 354 1699 399 2==3

174 417 338 481 Plebeii
369 421 481 482 ludi
627 419 892 480 aedilibus
922 420 990 481 L.
1014 419 1291 481 Terentio
1322 415 1478 479 Mas·
1498 424 1699 516 fef-22·-

170 496 314 561 ὤσει
353 504 412 564 &
458 500 570 562 Cn.
612 500 814 561 Baebio
864 499 1180 582 Tamphilo
1218 541 1238 573 ,
1301 521 1477 582 quem
1523 502 1533 513 '
1575 498 1593 516 '

164 599 424 660 praetorem
457 580 892 664 designaverant
917 626 937 655 ‚
980 599 1071 642 ter
1120 584 1233 641 toti
1278 579 1478 642 instau-

166 663 267 721 rati.
295 661 358 723 Et
389 663 506 723 ludi
540 662 814 722 funebres
855 682 928 722 eo
960 683 1113 721 anno
1141 681 1250 743 per
1270 664 1474 743 quatri-
1496 692 1620 741 Lm,
1647 696 1692 734 ι,

162 740 308 801 duum
341 746 394 804 in
421 743 557 806 foro‘
578 786 600 817 ‚
633 746 832 803 mortis
867 742 957 804 M.
995 742 1217 803 Valerii
1254 740 1474 804 Laevini
1490 745 1623 839 ¹3:255
1636 752 1699 829 ἧς

162 823 329 897 cansa,
357 845 389 883 a
407 823 469 886 P.
493 826 560 887 δι.
595 822 686 883 Μ.
725 821 856 883 filiis
894 821 1017 904 ejus
1051 822 1180 884 faffi
1203 844 1224 897 ;
1259 823 1325 883 &.
1348 842 1473 886 mu·
1493 804 1704 881 anafan-

162 922 246 961 nus
260 903 638 985 gladiatorium
674 902 872 963 datum
893 905 965 964 ab
982 906 1053 963 iis
1082 926 1096 965 z
1133 906 1291 985 paria
1361 906 1479 962 uin-

171 1002 258 1061 que
274 986 535 1067 &viginti
556 1000 897 1066 pugnarunt.
920 983 1009 1044 M.
1033 982 1303 1045 Aurelius
1319 924 1480 1046 (ἕστ-

171 1076 244 1135 ta,
266 1064 535 1128 decemvir
556 1064 850 1141 sacrorum
871 1106 891 1136 ‚
929 1081 1193 1124 mortuus
1222 1087 1237 1125 z
1273 1067 1335 1124 in
1358 1063 1484 1146 ejus

172 1140 323 1205 locum
355 1143 854 1211 Manius,Acilius
902 1141 1146 1205 Glabrio
1201 1142 1484 1207 suffeRuS.

171 1218 392 1286 comitiis
425 1225 625 1287 aediles
671 1224 896 1285 curules
936 1226 1110 1285 creati
1158 1223 1284 1286 sunt
1333 1225 1486 1288 forte.

166 1304 343 1379 ambo,
415 1309 472 1366 ui
533 1304 723 1367 statim
778 1305 1047 1385 occipere
1101 1325 1196 1364 ma
1235 1304 1487 1368 ’stratum

175 1402 273 1442 non
300 1328 542 1466 peffentz
577 1406 715 1445 nam
740 1380 816 1445 C.
846 1381 1150 1446 Cornelius
1246 1387 1376 1447 ethe
1458 1409 1487 1448 s

177 1462 338 1525 absens
352 1483 560 1527 creatus
587 1481 742 1539 erat,
807 1487 945 1525 uum
972 1463 1311 1546 Hispaniam
1341 1489 1380 1528 o
1423 1470 1488 1527 ti-

172 1561 301 1604 neret
331 1549 684 1629 provinciam
715 1567 736 1619 ;
767 1486 845 1606 ἓ.
887 1545 1156 1606 Valerius
1208 1547 1445 1609 Flaccus
1464 1594 1485 1624 ,

169 1644 313 1762 gem
341 1626 670 1710 praesentem
706 1644 1072 1700 creaverant,
1116 1629 1249 1708 quia
1281 1627 1489 1688 flamen

223 1705 321 1765 'alis
349 1725 466 1769 erat
487 1753 509 1781 ‚
530 1708 719 1790 jurare
757 1709 817 1766 in
853 1708 1021 1790 ‚leges
1060 1728 1180 1766 non
1201 1721 1490 1847 cpoteram

168 1786 502 1868 magistratum
526 1806 720 1850 autem
748 1787 885 1870 plus*
915 1789 1194 1869 quinque·
1241 1790 1323 1848 ies
1341 1831 1361 1862 ,
1385 1788 1490 1850 nifi

166 1869 251 2002 gui
277 1866 481 1945 jurasset
515 1872 579 1929 in
617 1870 811 1951 legeS‚
841 1889 964 1929 non
992 1867 1223 1934 ‚licebat
1266 1889 1486 1952 gerere.

210 1962 375 2009 etente
406 1950 617 2024 Flacco⁹
642 1967 706 2009 ut
748 1949 802 2009 le
843 1949 969 2011 ibus
1008 1948 1329 2011 solveretur
1350 1994 1372 2025 ‚
1408 1949 1491 2012 se-

175 2041 315 2111 natus
344 2030 585 2092 decrevit
606 2033 635 2104 ζ
658 2047 721 2090 ut
740 2074 760 2105 ,
793 1969 843 2089 ἓ
875 2029 1058 2090 aedilis
1083 2074 1102 2104 ‚
1146 2032 1243 2110 qui
1284 2050 1395 2112 pro
1431 2030 1493 2090 se

171 2124 357 2180 juraret
372 2155 391 2184 ‚
417 2114 677 2173 arbitratu
717 2109 1016 2171 consulum
1055 2110 1214 2168 daret
1239 2154 1258 2183 ,
1299 2106 1494 2168 consu-

174 2182 276 2259 les,
308 2188 346 2249 fi
373 2192 445 2251 eis
478 2192 772 2255 videretur
792 2234 812 2264 ‚
849 2211 982 2251 cum
1023 2189 1263 2249 tribunis
1345 2188 1491 2249 lebis

171 2281 372 2346 agerent
391 2316 411 2346 ‚
445 2276 529 2334 uti
564 2272 640 2332 ad
733 2270 926 2331 lehem
978 2268 1208 2330 ferrent.
1324 2286 1445 2330 atus
1470 2316 1491 2345 ,

175 2348 256 2428 qui
289 2347 484 2431 juraret
524 2374 635 2436 pro
680 2292 849 2411 Katre
872 2396 893 2424 ‚
925 2351 992 2411 L.
1018 2349 1283 2410 Valerius
1324 2350 1493 2412 Flac-

172 2446 286 2503 cus,
308 2449 506 2513 praetor
533 2431 653 2493 defi
694 2449 856 2491 natus
882 2453 896 2491 ε
919 2430 1130 2490 tribuni
1161 2430 1232 2489 ad
1258 2430 1495 2511 plebem

173 2507 391 2576 tulerunt
409 2559 429 2588 ‚
462 2514 635 2595 plebe
664 2534 776 2593 que
807 2510 967 2572 scivit
988 2555 1008 2584 ‚
1038 2526 1102 2569 ut
1140 2511 1377 2590 perinde
1417 2510 1503 2573 es·

176 2582 276 2659 set,
302 2613 362 2653 ac
398 2593 445 2653 fi·
476 2593 596 2676 ipse
629 2593 811 2653 aedilis
832 2588 1072 2671 jurasset.
1098 2590 1171 2652 Et
1203 2591 1276 2651 de
1315 2592 1496 2653 altero

178 2666 317 2728 adue
331 2671 524 2735 scitum
549 2674 734 2756 plebis
768 2671 848 2733 est
881 2671 1093 2733 fassum
1114 2715 1135 2744 ,
1169 2671 1498 2754 rogantibus

178 2744 379 2812 tribunis
399 2799 417 2828 ‚
441 2775 591 2836 quos
624 2752 769 2818 duos
797 2756 858 2818 in
881 2752 1217 2838 Hispaniam
1241 2772 1373 2813 cum
1395 2754 1501 2823 ime

249 2830 297 2889 T
290 2851 425 2895 omas
473 2837 548 2898 V.
684 2912 688 2915 ⁴
1202 2829 1268 2893 D
