2017 3609
322 227 696 311 LIBER
793 226 1184 299 XXXV.
1311 250 1436 327 315

71 340 327 403 tiochum
350 362 421 402 re
466 361 561 402 em
577 339 1020 423 Hellespontum
1043 336 1174 406 curn
1191 348 1449 405 exercitu
1472 364 1688 421 εξ*

76 421 315 483 transisse
348 444 372 498 ;
413 360 490 484 ἐι
515 423 746 483 AEtolos
777 426 855 483 ita
889 422 944 483 se
979 445 1212 504 parare,
1248 442 1312 485 ut
1345 423 1444 486 sub
1471 443 1670 492 u.c.5⁶0.

80 504 395 567 adventum
434 500 562 583 ejus
592 505 652 563 in
684 505 853 564 armis
875 502 1067 565 essent.
1102 504 1175 564 Et
1204 493 1672 568 Eumeni⁸·⁰·¹‘³²'

83 582 290 645 absenti
314 629 336 658 ‚
371 585 447 646 &
482 583 743 666 praesenti
781 583 984 646 Attalo
1029 588 1218 667 gratiae
1264 585 1398 647 aaae
1428 609 1452 662 ς

83 666 143 725 ἃ
166 665 321 727 aedes
356 663 565 726 liberae
591 707 613 738 ,
645 665 809 726 locus
835 710 853 739 ,
889 666 1061 725 lautia
1093 664 1354 737 decreta,
1388 668 1456 727 δι

86 760 314 807 munera
368 744 511 807 data
532 788 553 820 ,
591 747 727 829 equi
772 745 890 805 duo
915 789 937 818 ‚
986 745 1123 805 bina
1179 744 1459 827 equestria

88 840 229 885 arma
248 871 270 902 ‚
303 827 376 887 &
405 823 545 886 vasa
565 841 833 909 argentea
866 841 1096 887 centurn
1119 826 1321 908 pondo
1341 871 1362 902 ,
1391 827 1459 889 δε

92 925 249 966 aurea
280 909 344 967 vi
389 908 503 966 inti
529 908 753 988 pondo.
1460 938 1491 946 ··

146 985 308 1046 *XXI
370 1030 393 1047 .
433 985 645 1066 Quum
673 988 766 1047 alii
794 1002 963 1070 atque
1004 988 1097 1048 alii
1121 989 1304 1047 nuntii
1334 987 1463 1047 bel·

93 1062 202 1126 lum
226 1065 444 1128 instare
479 1065 744 1128 afferrent
760 1111 782 1142 ,
800 1069 875 1128 ad
902 1088 1028 1128 rem
1061 1070 1349 1149 pertinere
1371 1069 1461 1130 vi·

94 1143 205 1206 sum
242 1146 364 1222 est,
401 1146 668 1209 consules
699 1150 887 1231 primo
933 1167 1165 1229 quoque
1193 1164 1462 1231 tempore
1550 1186 1556 1191 ·

92 1230 277 1290 creari.
311 1227 530 1309 Itaque
551 1226 1084 1288 senatusconsultum
1106 1226 1314 1289 facium
1338 1227 1476 1304 est‚'

92 1322 149 1365 ut
177 1307 262 1368 Μ.
292 1308 547 1370 Fulvius
582 1325 794 1390 praetor
822 1308 1037 1368 litteras
1066 1326 1256 1369 extem
1301 1309 1360 1371 lo
1383 1311 1459 1372 ad

98 1387 374 1450 consulem
414 1391 677 1450 mitteret
699 1432 719 1462 ,
755 1390 958 1470 quibus
994 1391 1203 1451 certior
1244 1332 1412 1451 lieret
1436 1435 1459 1466 ‚

99 1465 294 1530 senatui
323 1470 565 1553 placere
585 1515 604 1544 ‚
627 1469 922 1550 provincia
961 1474 1328 1552 exercituque
1356 1487 1466 1530 tra·

105 1546 215 1609 dito
268 1550 482 1633 legatis
521 1594 544 1624 ,
597 1549 848 1612 Romam
899 1551 1115 1610 reverti
1154 1569 1289 1609 eum
1330 1571 1352 1624 3
1398 1551 1491 1610 δι’»

106 1647 170 1687 ex
211 1632 419 1692 itinere
469 1633 816 1711 praemittere
861 1628 1151 1699 ediffim,
1198 1649 1318 1707 quo
1363 1650 1504 1687 σου
1557 1674 1583 1699 .

107 1709 250 1789 mitia
300 1709 638 1774 consulibus
707 1709 964 1769 creandis
1018 1708 1292 1766 ediceret.
1337 1707 1466 1781 Pa·-
1485 1731 1677 1783 emma

108 1790 206 1850 ruit
222 1791 308 1853 his
328 1793 542 1854 litteris
560 1787 789 1862 consul,
809 1788 874 1850 &
892 1832 912 1861 ‚
932 1783 1215 1868 praemiffo
1242 1783 1467 1862 edicio,

110 1866 346 1934 Romam
399 1871 587 1934 venit.
631 1868 720 1930 Eo
766 1887 999 1951 quoque
1055 1887 1208 1928 anno
1262 1886 1470 1950 magna

115 1951 338 2015 ambitio
369 1951 484 2014 fuit
504 1996 525 2027 ,
561 1949 721 2033 quod
765 1950 988 2033 patricii
1030 1965 1143 2008 tres
1185 1949 1246 2007 in
1286 1968 1469 2009 unum

114 2028 294 2094 locum
330 2034 622 2116 petierunt
642 2075 663 2106 ‚
689 2030 752 2092 P.
787 2029 1097 2092 Cornelius
1128 2025 1241 2088 Cn.
1265 2026 1330 2088 F.
1353 2026 1478 2094 Sci·

153 2112 240 2185 io,
277 2117 380 2197 qui
462 2115 609 2172 riore
642 2132 791 2173 anno
818 2109 1102 2192 repulsam
1130 2109 1368 2182 tulerat,
1405 2109 1473 2169 δε
1505 2136 1512 2149 ·

117 2130 177 2251 ἵ..
208 2191 410 2257 Corne
432 2195 520 2252 ius
551 2190 745 2273 Scipio
765 2234 785 2264 ,
812 2192 877 2251 &
911 2188 1024 2250 Cn.
1058 2188 1309 2248 Manlius
1328 2187 1477 2248 Vul-

120 2268 193 2335 so.
220 2273 285 2335 P.
316 2274 621 2356 Scipioni,
652 2287 715 2330 ut
751 2268 987 2329 dilatum
1021 2271 1153 2331 viro
1180 2269 1278 2331 tali
1299 2306 1322 2341 ‚-
1348 2287 1473 2327 non

122 2370 418 2435 negatum,
454 2353 739 2413 honorem
776 2371 809 2411 a
853 2366 1075 2430 pareret
1094 2390 1114 2420 ,
1155 2346 1476 2408 consulatus

121 2429 276 2495 datus
299 2435 419 2496 est:
444 2432 671 2493 additur
699 2432 755 2489 ei
829 2449 862 2488 e
893 2428 1066 2508 plebe
1101 2427 1322 2509 collega
1341 2427 1478 2487 Ma-

120 2512 238 2574 nius
260 2515 485 2577 Acilius
521 2510 782 2573 Glabrio.
810 2507 1049 2570 Postero
1072 2502 1164 2567 die
1198 2523 1472 2589 praetores

124 2597 291 2655 creati
312 2639 332 2668 ‚
357 2595 425 2656 L.
446 2594 708 2654 AEmilius
724 2589 960 2660 Paulus,
980 2587 1068 2650 M.
1088 2587 1351 2649 AEmilius
1369 2588 1480 2649 Le-
1517 2602 1524 2606 “

160 2674 286 2735 idus
314 2717 337 2744 ‚
382 2673 473 2733 M.
517 2674 714 2734 Iunius
755 2670 959 2734 Brutus
981 2715 1000 2745 ,
1054 2668 1133 2731 A.
1173 2665 1479 2730 Cornelius

193 2751 446 2819 ammula
469 2793 488 2823 ,
518 2750 594 2812 C.
616 2752 847 2825 Livius»,
876 2753 942 2813 &
963 2751 1031 2812 L.
1050 2749 1279 2832 Oppius
1298 2771 1318 2823 3
1338 2752 1482 2810 utri·-

122 2852 233 2914 que
258 2852 474 2919 eorum
500 2828 748 2904 salinatoi
748 2851 778 2891 r
814 2849 1167 2969 cognomep)
1180 2844 1318 2922 egat.
1346 2827 1529 2909 09-2-

1102 2972 1106 2976 .
1206 2928 1247 2990 ¹1
