2017 3609
412 212 809 285 'LIBER
910 210 1270 285 XXXI.
1453 219 1548 312 23'

133 327 287 391 'ihm
317 330 453 392 haec
474 374 499 403 ,
528 351 637 391 rex
662 330 897 393 Attalus
930 331 1197 415 AEginam
1217 331 1290 391 ad
1313 327 1542 393 claffem
1570 345 1765 384 --ι-’-ι

148 410 208 472 se
246 413 497 493 recepit.
534 410 761 472 Rhodii
797 409 971 472 Ciam
1012 412 1085 472 ab
1119 413 1365 496 AEgina,
1407 414 1543 475 inde
1567 420 1776 490 the-55²2

149 513 254 574 per
283 492 510 554 insulas
532 492 817 553 Rhodum
837 495 1172 575 navigarunt
1193 494 1499 567 ;omnibus
1518 537 1540 571 ,
1563 469 1767 513 ..cam

141 591 357 655 praeter
382 572 674 634 Andrum
692 618 712 645 ‚
734 572 1057 655 Parumque
1072 617 1092 646 ,
1112 576 1179 635 ὃ(
1197 570 1501 655 Cythnum
1517 616 1538 651 ‚

218 677 273 714 ae
313 652 616 736 praefidiis
653 652 1048 714 Macedonum
1080 654 1461 730 tenebantur,
1483 658 1544 719 in

137 675 504 795 aientem
530 736 806 813 acceptis.
836 734 1098 795 Attalum
1117 734 1342 816 AEginae
1357 777 1377 806 ‚
1399 735 1548 799 missi

143 816 204 875 in
238 815 553 876 AEtoliam
593 816 817 888 nuntii,
851 814 1266 897 exspefihtique
1306 814 1441 875 inde
1468 816 1552 876 le-

145 900 266 979 gati
286 942 310 970 ‚
343 895 722 977 aliquamdiu
761 896 900 958 nihil
937 915 1210 978 agentem
1249 913 1487 956 tenuere
1528 917 1546 957 ε

157 979 230 1037 &
253 997 453 1057 neque
480 976 623 1037 illos
657 977 845 1037 excire
874 975 950 1036 ad
971 997 1129 1036 arma
1157 980 1347 1058 potuit
1363 1021 1383 1050 ‚
1407 997 1550 1071 gau-

165 1056 369 1117 dentes
410 1074 622 1119 utcum
706 1077 740 1116 e
774 1055 1098 1138 composita
1123 1078 1256 1116 cum
1281 1056 1547 1139 Phihppo

207 1158 306 1198 ace
327 1161 349 1213 ;
370 1139 442 1201 ὅ(
464 1136 596 1221 ipse
722 1138 841 1197 odii
881 1158 954 1197 ue
974 1182 995 1212 ‚
1018 1136 1062 1196 ss
1080 1134 1395 1198 institissent
1413 1157 1550 1200 tunc

160 1158 442 1301 Bhilippo
460 1264 481 1292 ‚
524 1220 826 1302 egregium
879 1222 891 1234 ‘
938 1234 1107 1277 eratae
1137 1238 1241 1299 per
1280 1216 1336 1278 se
1380 1216 1552 1279 Grae-

164 1302 273 1360 ciae
311 1300 560 1360 titulum
610 1298 828 1358 habere
880 1297 1187 1377 potuissent
1220 1321 1235 1358 ε
1277 1300 1552 1380 patiendo

168 1378 373 1439 rursus
398 1384 619 1440 eumin
655 1377 1103 1459 Hellespontum
1119 1377 1379 1459 trajicere
1398 1422 1419 1452 ‚
1451 1401 1554 1441 oc·-

173 1476 617 1542 cupantemque
652 1456 897 1519 Graeciae
924 1476 1256 1541 opportuna
1292 1460 1422 1519 loca
1458 1462 1558 1523 vi-

172 1560 274 1601 res
303 1541 446 1602 colli
490 1561 590 1601 ere
614 1586 635 1614 ‚
660 1540 882 1600 bellum
918 1538 1110 1599 aluere
1134 1583 1179 1634 ‚⁶
1196 1539 1556 1681 gloriamffie

178 1619 309 1701 ejus
348 1642 423 1704 ge
478 1625 490 1637 ‘
538 1618 895 1703 perfefflque
934 1619 1213 1681 Romanus
1263 1641 1445 1681 conce
1492 1642 1557 1683 e-

181 1721 338 1763 runt.

266 1782 442 1846 XVI.
471 1782 770 1865 Philippus
811 1782 995 1864 magis
1037 1781 1202 1863 regio
1245 1780 1439 1840 animo
1476 1778 1561 1841 est

185 1860 320 1923 usus
346 1886 367 1938 ;
389 1866 492 1947 qui
568 1885 709 1923 uum
737 1861 1000 1925 Attalum
1032 1858 1406 1942 Rhodiosque
1437 1861 1562 1923 hos-

188 1961 285 2005 tes
317 1965 440 2005 non
473 1943 537 2004 su
589 1946 601 1958 ‘
647 1942 808 2005 uiss'et
825 1987 846 2018 ‚
879 1963 955 2004 ne
984 1942 1257 2004 Romano
1371 1942 1565 2016 idem,

196 2024 368 2105 quod
401 2025 734 2086 imminebat
755 2067 775 2097 ‚
809 2024 968 2084 bello
1002 2026 1233 2084 territus
1252 2066 1272 2095 ‚
1352 2022 1566 2083 hilocle

200 2104 468 2200 quodam
496 2127 569 2166 ex
600 2103 1012 2199 praefeffisssuis
1035 2124 1169 2164 cum
1190 2102 1416 2196 duobus
1433 2102 1568 2177 mil·-

196 2185 356 2245 hbus
437 2187 648 2247 editum
668 2232 689 2260 ‚
720 2184 1008 2266 equmbus
1039 2182 1296 2242 ducenns
1334 2180 1409 2240 ad
1461 2201 1569 2262 po-

196 2208 1567 2407 ffissff0flfflhssf²35ssffffizffl⁰2122&st

197 2363 325 2508 ipse
350 2366 793 2489 tterraerggdem’
821 2446 957 2485 cum
1004 2423 1289 2503 expeditis
1300 2362 1570 2483 Pduobu;

202 2508 459 2568 millibus
484 2508 749 2590 peditum
773 2550 793 2580 ‚
824 2504 1112 2586 equitibus
1148 2502 1405 2562 ducentis
1444 2524 1576 2585 per-

209 2592 307 2670 git.
350 2588 428 2649 Et
456 2588 804 2684 Maroneam
846 2585 1084 2681 quidem
1118 2585 1308 2667 primo
1353 2586 1578 2666 impetu

220 2662 1585 2829 ffissg’nagstzreffigussrgnssmcxxgmGffiffieclss

217 2824 480 2910 praefeffi
528 2828 829 2894 Ptolemaei
856 2870 879 2909 ,
915 2829 1073 2911 cepit
1109 2850 1126 2892 ι
1163 2825 1436 2908 deinceps
1480 2824 1591 2886 alia
