2017 3609
340 223 720 292 LIBER
819 222 1201 294 XXXV.
1320 224 1454 320 323*

108 352 221 397 rum
258 334 455 397 locum
489 337 906 419 pertraherent.
937 336 1129 399 Effuse
1161 338 1337 400 secuti
1372 337 1460 400 fu·
1484 356 1673 401 „sa-..22

112 419 309 498 gientes
336 438 444 500 per
479 418 818 479 convallem
837 434 858 493 ,'
878 420 1024 500 pleri
1105 440 1136 480 e
1169 422 1462 484 &vulne-
1479 423 1599 471 ΟΜ
1662 445 1681 462 ·

115 500 236 572 rati,
270 500 334 560 &
371 497 665 559 interfecti
695 498 820 559 sunt
844 545 862 574 ,
938 502 1025 559 riu
1051 521 1221 581 quam
1266 503 1463 562 occul·
1479 471 1679 521 ‘'0⁹¹⁹'‘

118 591 223 638 tum
263 578 496 640 hostem
537 578 824 640 viderent.
888 583 1084 640 -etrati
1126 583 1241 652 ita,
1325 602 1464 642 uana

115 672 220 718 tum
265 659 517 720 latitudo
584 659 746 720 vallis
794 660 1113 742 patiebatur
1147 704 1167 734 ‚
1223 662 1280 720 in
1395 661 1465 722 &i

119 735 351 800 sederant
374 774 394 815 2,
422 757 492 803 ut
532 737 699 801 facile
730 762 836 823 per
866 741 1170 802 intervalla
1199 742 1466 802 ordinum

119 816 376 901 fligientes
396 820 535 882 suos
561 824 900 902 acciperent.
923 821 1287 905 Consurgunt
1308 821 1469 883 dein-

70 954 71 957 ,
123 894 185 959 de
215 900 313 983 ipfi
349 903 471 962 inte
518 903 607 977 ri,
648 920 906 963 recentes
927 949 947 978 ‚
982 902 1226 963 instructi
1261 926 1281 978 3
1315 905 1380 965 &
1404 905 1466 963 in

82 1000 89 1007 ·
123 977 290 1041 hostes
320 922 693 1044 inorcfinatos
715 1027 735 1057 ‚
765 981 972 1044 effusos
995 1029 1015 1060 ‚
1053 983 1250 1044 labore
1294 987 1467 1044 etiam

70 1114 71 1117 ,
125 1060 178 1120 &
201 1062 535 1124 vulneribus
555 1061 726 1124 feffos
746 1108 766 1138 ,
783 1066 1067 1145 impetum
1081 1064 1312 1141 faciunt.
1337 1063 1470 1125 Nec

127 1139 277 1202 dubia
301 1144 548 1205 victoria
582 1143 734 1205 fuit:
773 1144 1068 1226 extemplo
1111 1160 1271 1226 terga
1309 1143 1471 1206 dedit

128 1226 333 1299 tyranni
365 1226 540 1286 miles
571 1246 594 1300 3
622 1226 686 1286 &
716 1225 867 1284 haud
897 1225 1069 1307 paulo
1098 1227 1467 1287 concitatiore

133 1300 326 1380 mrsu‘,
412 1307 553 1367 uam
605 1303 825 1365 secutus
876 1322 996 1366 erat
1022 1351 1043 1378 ,
1084 1304 1345 1389 fugiens,
1392 1308 1467 1369 ad

126 1380 277 1442 castra
328 1406 360 1446 e
467 1383 804 1468 compulsus
842 1406 859 1445 τ
902 1387 1069 1447 multi
1121 1384 1245 1448 caefi
1292 1392 1471 1472 capti-

125 1479 216 1597 ἕνα
244 1464 300 1523 in
332 1487 401 1527 ea
436 1466 590 1550 fuga
618 1466 764 1528 sunt.
798 1465 871 1528 Et
905 1469 965 1528 in
1010 1466 1201 1528 castris
1236 1489 1469 1549 quoque

145 1559 254 1604 oret
281 1549 648 1628 trepidatum
668 1592 686 1620 ,
707 1550 768 1608 ni
789 1547 1193 1631 Philopoemen
1218 1552 1477 1628 receptui

131 1627 234 1683 cani
262 1623 501 1705 juffiss'et:
532 1650 552 1702 ;
584 1628 712 1690 loca
744 1631 923 1709 magis
960 1625 1293 1708 confragosa
1313 1671 1332 1699 ‚
1372 1629 1436 1688 &
1456 1669 1477 1698 ‚

134 1722 464 1792 quacumque
529 1727 749 1770 temere
792 1703 1137 1788 proceffisset
1172 1750 1192 1780 ‚
1240 1708 1433 1787 iniqua
1462 1750 1483 1779 ,

137 1783 289 1863 quam
321 1790 560 1852 hostem
583 1834 601 1863 ,
633 1805 917 1849 metuens.
954 1785 1097 1846 Inde
1141 1787 1206 1846 &
1244 1806 1317 1846 ex
1357 1785 1482 1845 for-

141 1879 259 1927 tuna
284 1891 496 1954 pugnae
523 1916 546 1944 ,
581 1871 645 1931 &
689 1889 762 1929 ex
799 1869 1032 1951 ingenio
1067 1867 1225 1927 ducis
1249 1865 1485 1946 conjec-

70 1976 71 1979 ¹
140 1960 245 2007 tans
269 1993 287 2023 ‚
315 1954 375 2011 in
408 1959 538 2035 quo'
577 1952 702 2012 tu'm
746 1952 793 2009 is
833 1969 1054 2032 pavore
1092 1946 1265 2025 esset,
1306 1967 1485 2007 unum

145 2025 206 2087 de
231 2032 593 2094 auxiliaribus
634 2030 821 2114 specie
856 2029 1155 2113 transfugae
1193 2031 1370 2089 ’mittit
1415 2027 1490 2087 ad

70 2138 72 2167 ;
149 2123 300 2186 eum,
330 2117 427 2195 qui
459 2128 908 2196 pro-comperto
941 2108 1200 2182 afferret,
1238 2108 1489 2169 Achaeos

149 2184 369 2255 statuisse
445 2193 640 2255 ostero
680 2194 773 2252 die
807 2184 879 2251 ad
903 2190 1179 2252 Eurotam
1222 2208 1451 2248 amnem
1470 2232 1492 2261 ‚

70 2297 72 2327 r
150 2270 233 2349 qui
249 2219 440 2356 Ρτορὲ
461 2273 594 2415 igfis
629 2270 806 2332 affluit
829 2271 1117 2331 moenibus
1141 2315 1161 2345 ‚
1183 2266 1497 2352 progredi,

70 2382 71 2385 ¹
153 2366 207 2410 ut
234 2354 476 2417 interclu
521 2371 681 2414 erent
727 2355 836 2412 iter
877 2374 895 2426 3
928 2372 1001 2410 ne
1042 2367 1135 2411 aut
1176 2367 1455 2429 tyrannus
1479 2390 1500 2419 ,

151 2448 315 2510 quum
345 2437 570 2510 vellet,
612 2449 906 2514 receptum
952 2430 1028 2491 ad
1067 2429 1269 2491 urbem
1323 2427 1499 2487 habe-

150 2528 231 2573 ret
259 2537 279 2589 ;
313 2536 410 2578 aut
434 2526 787 2579 commeatus
813 2512 884 2574 ab
908 2511 1051 2571 urbe
1082 2513 1139 2570 in
1169 2506 1346 2570 castra
1366 2530 1505 2591 ‚por-

152 2604 395 2656 tarentur
426 2596 649 2665 :fimul
685 2594 856 2656 etiam
895 2609 1214 2654 tentaturus
1233 2636 1253 2666 ,
1283 2589 1505 2672 siquo-
1571 2664 1577 2671 ⁹

151 2676 273 2733 r'um
315 2676 809 2739 animi-sollicitari
842 2675 914 2735 ad
949 2668 1332 2735 defectionem
1360 2694 1391 2731 a
1411 2688 1507 2753 ty·

150 2770 329 2813 ranno
368 2752 606 2833 pdffent.
636 2754 776 2816 Non
810 2752 927 2816 tarn
965 2754 1142 2815 fidem
1178 2748 1333 2813 diffls
1374 2773 1506 2831 per·
1574 2759 1703 2810 Castra

153 2830 284 2916 fuga
298 2832 440 2898 fecit
461 2883 481 2916 ‚
502 2836 674 2919 quam
693 2826 949 2916 perculso
967 2848 1125 2897 metu
1151 2830 1511 2922 relinquendi
1528 2808 1725 2908 ἷρζέἶῖἑω.

1114 2911 1278 2993 OvJ
