2017 3609
226 737 321 821 T.
382 734 742 820 LJVJJ
800 733 975 821 PA
1000 738 1162 844 TA
1177 737 1493 823 VIN]

160 908 1543 1026 HISTORIARUM

258 1121 415 1190 AB
490 1120 808 1190 URBE
883 1120 1447 1190 CONDITA

351 1282 821 1354 LIBER
942 1280 1361 1356 XXXI.

162 1483 220 1546 Ι.
256 1410 421 1544 M
431 1500 468 1543 E
497 1502 739 1567 quoque
766 1480 961 1562 juvat,
980 1482 1147 1545 velut
1170 1483 1289 1566 ipse
1311 1486 1371 1546 in
1395 1505 1554 1570 parte
1579 1523 1778 1542 ——-

165 1565 389 1625 laboris
433 1584 502 1623 ac
543 1564 786 1645 periculi
826 1562 1066 1637 fuerim,
1095 1565 1167 1625 ad
1208 1564 1387 1627 finem
1418 1570 1555 1631 belli
1573 1558 1779 1650 ᾘρξξὲξζ

163 1646 372 1707 Punici
394 1642 736 1724 pervenisse.
750 1643 905 1705 Nam
927 1644 1030 1705 etsi
1054 1644 1314 1726 profiteri
1335 1649 1559 1723 ansurn,

163 1724 383 1809 pei-scri
428 1742 621 1785 turum
647 1746 740 1788 res
769 1745 971 1786 omnes
993 1725 1320 1802 Romanas»,
1345 1731 1404 1788 in
1432 1750 1559 1810 par-

162 1807 325 1868 tibus
394 1805 606 1887 ingulis
647 1807 790 1866 tanti
828 1810 1020 1889 operis
1058 1805 1281 1889 fatigari
1319 1811 1556 1872 minime

164 1889 530 1962 conveniat3
552 1902 750 1947 tamen
779 1907 958 1968 quum
984 1890 1047 1947 in
1073 1905 1335 1949 mentem
1361 1892 1555 1966 venit,

165 1971 297 2030 t'tes
339 1968 406 2028 &
443 1964 731 2049 sexaginta
769 1989 950 2029 annos
985 1966 1119 2048 (tot
1158 1971 1310 2029 enim
1352 1969 1478 2031 sunt
1517 1994 1555 2032 a

167 2050 374 2131 primo
387 2046 603 2107 Punico
627 2048 702 2108 ad
724 2048 1037 2109 secundum
1058 2048 1275 2109 bellum
1298 2048 1555 2132 finitum)

168 2145 353 2211 aeque
376 2127 557 2188 multa
572 2129 873 2190 volumina
892 2149 1037 2188 occu
1080 2128 1187 2188 ass'e
1207 2130 1369 2201 mihi,
1379 2129 1553 2210 quam

166 2210 517 2290 occuparint
559 2210 958 2290 quadringenti
993 2150 1286 2290 ogoginta
1329 2208 1553 2290 septem

172 2292 313 2351 anni
347 2311 380 2348 a
409 2289 647 2350 condita
679 2288 824 2348 urbe
857 2288 928 2348 ad
953 2284 1212 2370 Appium
1242 2287 1552 2350 Claudium

170 2368 509 2441 consulem,
525 2371 624 2451 qui
647 2372 867 2459 primus
888 2368 1107 2429 bellum
1128 2368 1557 2450 Carthaginien-

178 2450 332 2512 fibus
374 2451 568 2510 intulit
599 2471 618 2524 ;
657 2470 773 2528 jam
807 2449 1098 2531 provideo
1135 2452 1327 2509 animo
1347 2494 1364 2522 ,
1393 2451 1558 2511 velut

261 2534 281 2590 i
313 2531 604 2613 proximis
634 2530 812 2590 littori
839 2529 1006 2590 vadis
1033 2527 1245 2588 induffl
1278 2549 1434 2590 mare
1464 2552 1562 2611 pe·

178 2554 352 2671 ffi-lbus
389 2610 829 2692 ingrediuntur,
865 2610 1145 2691 quidquid
1183 2610 1561 2691 progredior,

192 2692 255 2750 in
275 2690 598 2751 vastiorem
623 2710 718 2749 me
746 2690 1104 2750 altitudinem
1119 2735 1137 2764 ,
1157 2712 1220 2749 ac
1247 2689 1411 2751 velut
1433 2710 1566 2771 pro-

188 2768 435 2831 fundum
456 2768 686 2843 invehi,
698 2770 760 2830 &
778 2768 1030 2831 crescere
1049 2770 1562 2864 pene-opugquod

182 2853 375 2934 prima
395 2869 651 2935 quaeque
671 2848 1023 2932 perficiendo
1043 2849 1568 2991 nunukvidebatur.

1287 2948 1328 3007 ¹1
