2017 3609
296 269 706 339 LIBER
802 267 1185 348 XXXV.
1310 296 1435 370 313

59 376 122 447 ’ἐτ
148 430 169 462 ,
201 382 514 470 proficisci
547 383 738 447 ambo
764 387 823 446 in
849 388 1179 469 provincias
1210 387 1443 471 placuit.
1466 406 1664 452 εει-,ιε

59 464 342 530 Domitius
371 468 452 529 ab
471 467 796 540 A'rimin0‚
823 467 934 548 qua
951 471 1280 548 proximum
1304 471 1445 546 fuit,
1468 472 1676 565 ‘’g-5⁶⁰·

59 544 321 626 Quintius
357 571 478 632 per
509 548 764 637 Ligures
797 549 856 607 in
882 543 1062 609 Boios
1094 553 1273 611 venit.
1300 551 1445 612 Duo
1467 537 1503 566 ἰ’
1560 531 1672 581 ‘¹⁹³‘

59 627 348 690 consulum
387 651 423 690 a
471 630 649 689 mina
686 626 908 689 diversa
940 628 1052 690 late
1087 649 1284 711 agrum
1318 629 1447 692 hos-

59 709 187 769 tium
232 731 431 792 perva
491 725 716 771 arunt:
759 709 947 791 primo
987 711 1208 791 equites
1247 730 1450 770 eorum

59 791 214 869 pauci
245 812 389 851 cum
425 788 727 877 praefeffis
752 834 771 864 ‚
792 787 1000 850 deinde
1041 788 1336 851 universus
1366 788 1454 849 se-

60 886 250 945 natus»,
286 869 620 953 postremi>
652 872 709 929 in
744 870 948 952 quibus
973 888 1070 930 aut
1094 870 1325 931 fortuna
1350 870 1455 930 ali-

68 958 200 1029 qua,
235 969 336 1012 aut
370 952 645 1035 dignitas
675 967 831 1024 erat,
872 951 944 1011 ad
976 953 1138 1013 mille
1159 951 1457 1035 quingenti

65 1028 132 1087 ad
165 1031 442 1093 consules
493 1029 947 1113 transfugerunt.
984 1030 1058 1091 Et
1109 1035 1170 1091 in
1215 1049 1455 1114 utraque
1493 1053 1689 1106 Rama

68 1106 170 1168 His
202 1114 331 1171 ania
368 1133 452 1173 eo
484 1132 652 1172 anno
681 1131 770 1172 res
791 1110 934 1191 pros
967 1113 1062 1170 ere
1085 1111 1294 1193 gestae:
1321 1133 1457 1172 nam
1475 1109 1640 1163 μω*

71 1188 133 1251 &
209 1191 579 1253 ‚Flaminius
612 1192 896 1272 oppidum
962 1191 1242 1267 imbrum,
1270 1195 1461 1253 muni-

71 1285 184 1329 tum
235 1274 615 1354 opulentum
659 1292 730 1330 ue
761 1315 781 1345 ,
818 1272 1005 1331 vineis
1054 1276 1405 1357 expugnavit
1438 1320 1462 1350 ‚

81 1349 138 1407 δι
163 1353 425 1413 nobilem
471 1374 540 1413 re
593 1375 631 1412 u
653 1372 750 1412 um
790 1347 1218 1415 Corribilonem
1257 1357 1463 1417 vivum

60 1433 222 1512 ·cepit
242 1456 263 1508 3
300 1435 367 1496 ὅ(
400 1432 499 1495 Μ.
582 1430 771 1501 ulvius
806 1433 1111 1513 proconsul
1150 1457 1283 1496 cum
1315 1436 1463 1497 duo-

89 1508 185 1569 bus
216 1514 578 1575 exercitibus
614 1510 864 1573 hostium
886 1513 1001 1574 duo
1038 1513 1283 1576 secunda
1308 1536 1465 1595 proe-

94 1586 341 1667 liafecit:
383 1594 627 1677 oppida
648 1593 765 1654 duo
798 1591 1185 1673 Hispanorum
1208 1640 1228 1668 ‚
1256 1593 1467 1653 Vesce-

94 1669 218 1730 liam
250 1672 690 1754 Holonemque
716 1717 735 1744 ‚
771 1674 835 1733 &
880 1673 1106 1733 castella
1150 1674 1330 1732 multa
1367 1693 1469 1733 ex-

103 1758 354 1833 pugnavit
387 1776 409 1830 3
438 1757 557 1814 alia
606 1753 907 1812 voluntate
940 1750 1014 1810 ad
1051 1773 1184 1811 eum
1240 1750 1471 1812 defece-

103 1847 218 1891 runt
248 1856 262 1894 ε
295 1850 428 1895 tum
461 1839 527 1894 in
560 1831 855 1893 Oretanos
933 1852 996 1891 ro
1040 1830 1210 1892 tessus
1237 1876 1257 1906 ‚
1294 1833 1359 1893 &
1386 1832 1469 1892 ibi

112 1904 316 1973 duobus
337 1918 571 1998 potitus
599 1911 830 1993 oppidis
848 1956 868 1986 ,
889 1851 1121 1972 IiffoIiba
1141 1913 1206 1973 &
1227 1909 1425 1974 Cufihi
1445 1957 1468 1988 ‚

109 1988 173 2048 a'd
196 1990 424 2078 Tagum
463 2013 702 2056 amnem
740 1993 821 2053 ire
893 1994 1054 2074 ergit.
1080 1990 1360 2054 Toletum
1384 1995 1471 2055 ibi

109 2089 268 2146 parva
302 2076 445 2136 urbs
484 2090 649 2147 erat,
700 2071 801 2133 sed
872 2095 986 2134 oco
1029 2075 1300 2134 munito:
1340 2093 1473 2133 eam

116 2168 270 2228 quum
287 2176 367 2237 op
412 2152 1042 2239 ugnaret,Ve&onum
1057 2174 1148 2213 ma
1189 2174 1292 2215 nus
1314 2172 1473 2213 exer·

119 2231 245 2293 citus
275 2232 374 2296 To
403 2236 595 2297 etanis
622 2231 868 2292 subsidio
901 2235 1085 2294 venit.
1166 2254 1265 2293 um
1290 2233 1372 2292 his
1403 2230 1475 2290 fi-

125 2313 230 2447 ξῗὶε
259 2317 486 2376 collatis
517 2310 788 2396 prospere
823 2314 1100 2395 pugnavit
1132 2335 1151 2387 ;
1188 2313 1252 2373 &
1277 2355 1296 2383 ‚
1338 2309 1475 2373 fusis

177 2392 466 2456 estonibus
488 2439 508 2469 ‚
541 2392 813 2473 operibus
843 2391 1128 2453 Toletum
1156 2394 1326 2472 cepit.

193 2470 412 2537 XXIII.
450 2474 734 2536 Ceterum
767 2493 839 2533 eo
879 2489 1142 2552 tempore
1180 2473 1367 2532 minus
1407 2493 1478 2535 ea

130 2547 264 2612 bella
277 2598 296 2626 ‚
313 2577 443 2637 quae
467 2554 808 2639 gerebantur
819 2598 840 2629 ‚
855 2574 1003 2614 curae
1023 2551 1271 2625 Patribus
1287 2570 1444 2614 erant
1456 2597 1479 2628 ‚

90 2702 93 2715 ι
132 2631 286 2722 quam
327 2635 676 2715 exspestatio
712 2634 972 2695 nondum
1003 2634 1180 2715 coepti
1210 2654 1341 2694 cum
1360 2632 1482 2695 An-

92 2754 95 2765 .
137 2714 319 2775 trocho
352 2716 495 2777 belli
528 2741 543 2778 :
584 2736 716 2776 nam
754 2713 854 2776 etfi
885 2735 989 2798 per
1020 2716 1238 2798 legatos
1277 2715 1486 2774 identi-

94 2818 97 2857 ς
140 2787 259 2853 <Tem
304 2799 504 2856 omnia
545 2797 1023 2877 explorabantur,
1065 2812 1255 2856 tamen
1292 2815 1486 2854 rumo-

94 2866 103 3013 1
141 2872 620 3021 resitemererfine
640 2876 767 2942 ullis
795 2875 1116 2940 auetoribus
1135 2876 1251 3015 οτὸὶ
1266 2918 1286 2947 2
1305 2873 1486 2935 multa

255 2975 403 3019 omus
498 3000 515 3021 .
1183 3019 1190 3025 .
1246 3019 1252 3025 .
