2017 3609
365 244 578 320 LIB
618 269 761 324 ER
857 254 1336 329 XXXIII.
1417 282 1551 358 157

175 362 288 437 rats,
304 360 536 428 initium
572 369 882 451 quoddam
904 372 982 434 ibi
1004 374 1199 436 motus
1216 374 1370 440 fecit.
1392 376 1544 441 Duae
1586 412 1763 453 ξι

175 452 342 503 autem
369 449 654 510 maxime
678 451 855 512 causae
879 475 979 515 eos
1004 473 1300 519 tenuerant
1320 460 1379 518 in
1405 462 1544 520 ami·
1569 467 1761 519 the-555·

173 518 284 581 ciria
311 528 474 609 regis
507 550 534 608 3
575 551 743 606 una,
772 531 916 594 fides
970 535 1133 598 insita
1169 540 1359 621 genti,
1397 540 1545 602 alte-
1563 518 1762 570 acan.

162 617 220 658 ta
231 643 249 671 ‚
268 623 462 667 metus
490 610 834 694 odiumque
850 613 1196 678 AEtolorum.
1212 616 1541 684 Concilium

159 675 486 747 Leucadem
530 691 827 753 indietum
865 693 962 757 est.
1003 693 1094 758 Εὸ
1133 719 1319 780 neque
1357 701 1542 762 cunffi

156 778 489 829 convenere
535 769 922 834 Acarnanum
948 777 1190 858 populi,
1234 799 1341 840 nec
1380 779 1544 862 ipsis,

158 843 249 920 qui
265 865 731 928 convenerant,
752 854 906 915 idem
926 858 1134 938 placuit
1152 882 1166 920 ε
1184 857 1285 920 sed
1308 861 1371 922 δι
1395 862 1546 942 prin-

156 921 306 1002 cipes
346 930 417 990 δι.
456 931 832 1015 magistratus
871 940 1233 1017 pervicerunt
1262 984 1280 1012 ,
1322 957 1384 1001 ut
1425 944 1545 1022 pri-

157 1018 348 1064 vatum
384 1010 715 1074 decretum
740 1014 1016 1077 Romanae
1052 1017 1332 1080 societatis
1359 1018 1544 1084 fieret.

57 1122 60 1173 [
153 1074 221 1140 Id
247 1105 501 1166 omnm,
534 1080 645 1176 q‘ui
668 1093 991 1173 abfuerant,
1010 1119 1160 1181 aegre
1184 1097 1320 1179 paffi
1346 1121 1364 1174 ;
1394 1103 1457 1162 &
1482 1103 1542 1163 in
1572 1098 1579 1105 ’

57 1202 60 1217 2
160 1157 268 1223 hoc
299 1164 550 1233 ftemitu
604 1177 792 1258 gentis
838 1198 873 1236 a
919 1177 1188 1260 Philippo
1231 1178 1373 1240 miffi
1419 1181 1540 1244 duo

160 1245 446 1330 principes
466 1252 887 1330 Acarnanum,
905 1257 1230 1323 ,Androcles
1262 1263 1325 1322 &
1351 1260 1540 1324 Eche-

165 1321 362 1388 demus
383 1376 406 1404 ,
437 1355 574 1394 non
599 1336 676 1397 ad
697 1336 1018 1398 tollendum
1041 1341 1219 1401 modb
1243 1341 1537 1405 decretum

141 1398 440 1472 Romanae
476 1408 782 1477 societatis*
795 1418 1246 1494 valuerunt‚sed
1281 1425 1453 1482 etiam
1472 1440 1534 1485 ut

175 1480 483 1554 Archelaus
522 1497 595 1558 &
616 1497 829 1558 Bianor
847 1544 867 1573 ,
901 1501 1182 1582 principes
1212 1505 1400 1582 gentis
1419 1524 1538 1562 am-

174 1561 283 1645 bs),
315 1574 482 1651 qubd
507 1577 773 1638 auRores
809 1577 930 1656 ejus
964 1578 1255 1640 sententiae
1276 1580 1500 1642 fuissent
1514 1582 1542 1656 ‚¹

172 1649 517 1785 {reoditionis
567 1659 629 1717 in
681 1659 927 1720 concilio
971 1660 1370 1721 damnarentur
1406 1704 1426 1734 ,
1471 1663 1538 1722 δι

254 1732 433 1795 uxidae
464 1742 750 1819 praetori,
790 1739 950 1821 qubd
990 1740 1065 1800 de
1114 1761 1182 1799 ea
1216 1761 1278 1799 re
1319 1738 1541 1800 retuliss-

180 1801 403 1882 set,·im
446 1821 639 1879 -erium
673 1819 1057 1902 abrogaretur.
1100 1819 1257 1881 Rem
1291 1837 1540 1881 temera-

186 1887 316 1948 riam
334 1935 353 1966 ,
414 1898 495 1957 ed
534 1916 748 1962 eventu
782 1897 1113 1982 prosperam
1134 1945 1157 1973 ,
1185 1901 1436 1961 damnati
1456 1900 1539 1962 fe-

188 1983 389 2036 cerunt,
422 1975 809 2040 suadentibus
842 2002 1088 2062 namque
1128 1984 1324 2042 amicis
1363 1983 1539 2043 cede-

188 2064 304 2109 tent
333 2062 638 2139 tempori,
665 2062 729 2122 δε
764 2057 1089 2142 Corcyram
1126 2063 1200 2122 ad
1239 2061 1541 2123 Romanos

192 2127 428 2211 abirent,
470 2138 785 2201 statuerunt
816 2140 1025 2202 offerre
1056 2141 1112 2203 se
1148 2142 1541 2215 multitudini,

195 2207 254 2269 &
288 2232 380 2275 aut
410 2239 487 2280 eo
524 2220 647 2302 ipso
681 2221 858 2282 lenire
888 2224 995 2281 iras
1015 2266 1033 2296 ,
1063 2240 1159 2282 aut
1199 2225 1315 2304 pati
1334 2268 1352 2297 ,
1373 2222 1539 2304 quod

200 2289 336 2352 casus
366 2299 593 2362 tulisset.
635 2299 844 2380 Quum
877 2299 935 2361 se
957 2300 1242 2384 frequenti
1282 2303 1534 2363 concilio

196 2366 520 2455 intulissent,
553 2384 744 2464 primo
779 2401 1032 2441 murmur
1055 2403 1121 2442 ac
1153 2378 1409 2442 fremitus
1439 2384 1537 2443 ad-

198 2452 509 2521 mirantium
532 2505 551 2533 ,
592 2461 881 2522 silentium
917 2481 1057 2520 mox
1107 2483 1140 2521 a
1191 2463 1541 2523 verecundia

199 2524 347 2596 fimul
380 2540 625 2620 pristinae
670 2541 951 2625 dignitatis
974 2585 993 2616 ‚
1039 2562 1104 2601 ac
1157 2539 1540 2605 misericordia

203 2613 471 2693 praesentis
488 2620 726 2683 fortunae
746 2639 937 2683 ortum
955 2619 1056 2683 est.
1081 2620 1359 2701 Potestate
1389 2646 1547 2709 quo--

213 2708 304 2781 que
338 2698 560 2762 dicendi
607 2702 750 2763 fasta
770 2750 791 2779 ‚
830 2706 1112 2786 principio
1165 2700 1551 2785 suppliciter„

205 2779 528 2850 Procedente
551 2802 741 2844 autem
760 2786 1018 2845 oratione
1039 2831 1059 2860 ,
1076 2784 1175 2844 ubi
1201 2784 1272 2843 ad
1300 2782 1547 2844 crimina²

208 2848 456 2924 &fluenda
485 2882 722 2930 ventum
753 2863 834 2930 est
853 2910 874 2943 ‚
909 2884 1043 2928 cum
1089 2879 1241 2926 tanta
1273 2861 1485 2924 fiducia
1509 2898 1545 2943 ,y
