2017 3609
320 243 695 318 'Lrnzn
793 243 1213 317 XXXII.
1320 258 1463 338 ¹¹⁷

61 430 70 440 .
112 349 288 423 ,Attalo
330 372 621 425 coronam
670 383 900 424 auream
953 360 1268 424 ducentum
1316 381 1459 445 quae·
1479 387 1678 428 aas

124 433 336 524 draginta
355 443 451 505 sex
475 444 687 528 pondo
710 446 769 504 in
790 441 1087 527 Capitolio
1112 442 1424 526 posuerunt
1434 464 1461 520 5
1480 447 1678 552 mec'jss'

61 534 64 603 ζ
122 523 386 658 {alasque
404 525 629 586 senatui
648 524 1088 666 egerunt‚2;1bd
1102 524 1456 600 Antiochus,
1476 512 1513 543 ²'
1556 510 1603 546 ’⁸
1662 521 1676 540 ⁰

168 620 392 683 gatorum
419 606 834 668 Rornanorum
866 628 935 665 au
992 607 1196 666 oritate
1228 622 1456 680 motus,

124 676 286 745 finibus
313 686 493 748 Attali
526 691 851 749 exercitum
880 684 1212 747 deduxisset.
1239 685 1461 750 Eadem

129 760 278 826 astate
301 770 525 851 equites
553 768 823 843 ducenti,
838 767 1207 849 &elephanti
1227 766 1464 843 decem,

125 841 175 902 &
195 847 348 907 tritici
380 849 658 911 modium
695 849 939 910 ducenta
973 848 1191 932 millia,
1219 847 1291 908 ab
1324 868 1466 931 rege

124 918 368 990 Manuiffa
390 930 469 991 ad
494 930 849 1005 exercitum,
902 930 960 990 ui
981 933 1039 990 in
1056 926 1287 990 Graecia
1310 946 1467 1006 erat,

121 1004 488 1084 pe'rvenerunt.
543 1009 698 1072 Item
746 1032 818 1071 ex
860 949 1056 1072 Sicilia
1095 1009 1468 1094 Sardiniaque

129 1102 205 1144 ma
270 1090 287 1148 i
312 1108 709 1164 commeatus,
733 1094 798 1153 δι
820 1089 1167 1151 vestimenta
1195 1093 1468 1157 exercitui

129 1166 195 1224 mi
230 1191 275 1230 a.
321 1168 580 1234 Siciliam
631 1172 722 1235 M.
757 1170 1070 1231 Marcellus
1094 1213 1114 1243 ,
1151 1169 1466 1235 Sardiniam

133 1240 435 1314 MPorcius
472 1252 633 1316 Cato
666 1251 963 1316 obtinebat
988 1273 1008 1326 ;
1044 1249 1260 1313 sanetus
1293 1253 1357 1314 &
1381 1256 1469 1313 in·
1486 1272 1694 1323 necea

135 1342 350 1408 nocens,
385 1332 645 1418 asperior
693 1351 888 1394 tamen
934 1334 995 1392 in
1037 1331 1263 1396 foenore
1305 1337 1472 1396 coer·

137 1409 294 1471 tendo
323 1415 554 1478 habitus
584 1439 605 1491 ;
638 1413 928 1498 fugatique
969 1434 1043 1476 ex
1073 1413 1249 1475 insula
1287 1414 1471 1478 foene-

141 1503 352 1570 ratores,
375 1498 440 1558 &
462 1497 760 1579 sumptus,
791 1516 939 1577 quos
976 1497 1037 1555 in
1071 1495 1290 1557 cultum
1322 1518 1475 1577 prae-

144 1580 299 1651 ¹torum
330 1575 464 1639 socii
498 1578 695 1641 facere
729 1573 878 1636 soliti
902 1592 1101 1649 erant,
1129 1575 1480 1653 circumcisi,

148 1664 225 1708 aut
257 1650 462 1722 sublati.
514 1659 650 1722 Sex.
675 1656 858 1719 AElius
908 1653 1110 1718 consul
1159 1676 1234 1717 ex
1287 1652 1479 1718 Gallia
1498 1663 1687 1719 Comitis}

150 1734 472 1801 comitiorum
511 1740 680 1802 causa
712 1740 965 1800 Romam
1004 1758 1187 1818 quum
1221 1735 1482 1813 rediffet,

151 1819 330 1880 creavit
369 1820 628 1883 consules
670 1818 743 1881 C.
766 1817 1113 1881 Cornelium
1148 1814 1479 1901 Cethegum

155 1891 299 1975 &Q
315 1899 631 1964 Minucium
663 1899 901 1962 Rufum.
943 1899 1134 1961 Biduo
1172 1898 1301 1982 post
1337 1920 1481 1981 prae·

153 1985 314 2038 torum
355 1987 595 2046 comitia·
640 1982 848 2042 habita.
894 1978 1007 2041 Sex
1055 2000 1329 2062 praetores
1370 1981 1477 2043 illo
1504 2006 1702 2058 „eu-paz,

157 2071 287 2145 ²3⁰0
307 2066 541 2141 primum
570 2066 776 2137 creati,
797 2060 1176 2123 crescentibus
1197 2058 1320 2139 jam
1344 2082 1482 2141 pro·
1498 2069 1620 2100 ΝΜ·

158 2138 613 2215 wnciis,&1atihs
641 2142 963 2226 patescente
991 2142 1239 2221 imperio
1264 2161 1279 2200 ε
1305 2141 1484 2201 creati

147 2230 319 2280 -autem
339 2224 424 2300 hi,
439 2226 507 2288 L.
521 2225 773 2285 Manlius
781 2221 968 2284 Vulso
982 2266 1002 2296 ‚
1020 2219 1092 2282 C.
1104 2219 1240 2281 Sem
1285 2222 1482 2281 ronius

162 2287 473 2380 Tuditanus,
501 2305 591 2369 M.
608 2303 839 2387 Sergius
870 2302 1020 2363 Silus
1040 2346 1059 2374 ,
1091 2300 1179 2361 M.
1262 2301 1481 2374 elvius,

164 2368 234 2436 M·
250 2378 516 2459 Minucius
538 2385 751 2456 Rufus,
771 2384 839 2444 L.
853 2382 1089 2443 Atilius.
1115 2380 1487 2460 Sempronius

63 2518 64 2521 ,
167 2452 454 2528 &Helvius
476 2468 644 2529 exiis
673 2464 869 2525 aediles
934 2461 1080 2521 lebis
1100 2479 1298 2523 erant:
1330 2484 1488 2524 curu·

168 2531 235 2596 les
249 2545 421 2609 aediles
437 2548 524 2630 Q.
538 2547 829 2615 Minucius
938 2562 1127 2604 ermus
1149 2541 1318 2605 &Ti.
1330 2541 1488 2605 Sem·

168 2627 359 2694 pronius
403 2630 660 2713 Longus.
717 2625 868 2688 Ludi
911 2623 1161 2686 Romani
1209 2644 1283 2686 eo
1330 2645 1486 2684 anno

175 2714 333 2775 quater
363 2709 667 2771 instaurati.

232 2777 492 2852 XXVIII.
541 2787 615 2850 C.
651 2783 930 2849 Cornelio
985 2787 1053 2849 &
1100 2783 1191 2865 Q.
1221 2782 1488 2865 Minucio

160 2863 478 2949 sonsunbus,
500 2872 762 2934 omnium
789 2868 1042 2952 primum
1070 2866 1145 2928 de
1172 2864 1493 2949 provinciis⁴
