2017 3609
279 202 630 270 LIBER
728 200 1173 271 XXXIV.
1268 202 1402 292 267

94 333 238 390 tates,
260 315 586 397 consulerent.
610 316 899 378 Adversits
917 316 1298 396 consentientes
1315 340 1410 378 nec
1435 342 1635 377 εει-..τη

94 420 222 478 regem
254 420 561 478 quemquam
587 396 733 476 satis
771 397 1017 458 validum
1040 444 1059 473 ‚
1096 422 1200 460 nec·
1233 417 1414 482 tyran·
1442 400 1635 491 ⁰3⁴5&

98 500 195 538 num
209 477 335 558 fore.
373 476 726 557 Discordiam
771 478 827 539 δ’
862 476 1181 557 seditionem
1229 487 1413 542 omnia
1442 464 1473 492 ι’
1532 460 1642 501 ‘¹⁹⁴⁸

97 579 348 640 opportuna
381 559 760 638 insidiantibus
787 557 973 639 facere
992 604 1015 632 ‚
1056 582 1215 640 quum
1247 583 1414 641 pars,

99 662 187 719 quae
213 644 476 724 domestico
514 642 796 701 certamine
824 638 1052 720 inflet-ior
1068 643 1145 720 fit
1159 686 1183 714 ‚
1206 659 1416 704 externo

92 721 242 800 potitis
257 721 316 801 se
351 723 623 804 applicet,
654 720 817 801 qudm
850 724 966 783 civi
995 725 1168 783 cedat.
1198 724 1421 785 Alienis

100 805 229 862 annis
249 823 461 884 partam
474 849 494 877 ,
529 803 750 864 extemd
772 803 890 881 fide
921 806 1182 865 redditam
1208 805 1423 863 liberta-

101 899 176 942 tem
191 884 287 962 ficei
305 886 433 945 card
467 885 782 968 custodirent
791 882 1166 964 fimarentque
1183 907 1209 957 ,·
1240 903 1304 946 ut
1315 907 1425 966 po·-

94 966 229 1042 pulus
253 970 534 1027 Romanus
567 967 744 1047 dignis
770 968 958 1026 datam
993 966 1287 1027 libertatem
1300 1010 1325 1038 ,
1351 987 1421 1026 ac

100 1065 253 1105 munus
276 1046 435 1126 fitutn
468 1047 597 1108 bene
622 1048 854 1128 positum
878 1044 1059 1124 fiitet.

160 1124 215 1186 L.
249 1126 364 1188 Has
400 1126 565 1190 velut
598 1128 843 1209 parentis
870 1146 1053 1186 voces
1142 1147 1281 1187 uum
1326 1147 1428 1188 au-

103 1203 283 1283 dirent,
310 1228 553 1268 manare.
580 1208 849 1268 omnibus
872 1207 1081 1290 gaudio
1102 1147 1387 1290 tiacrymae
1404 1251 1425 1281 ,

104 1286 217 1348 adeo
233 1291 330 1349 uti
376 1288 502 1351 sum
603 1308 756 1370 oque
780 1286 1199 1351 confunderent
1228 1290 1429 1369 dicen-

104 1385 211 1430 tem.
228 1312 507 1453 Pauiisper
552 1371 784 1429 remitus
812 1371 1250 1452 approbantium
1280 1371 1427 1433 dista

105 1447 215 1522 fuit,
247 1452 721 1531 monentiumque
755 1451 999 1511 aliorum
1033 1452 1177 1513 alios
1197 1494 1217 1523 ‚
1240 1469 1302 1512 ut
1325 1472 1425 1512 eas

107 1549 247 1591 voces
265 1577 284 1608 ‚
310 1532 471 1594 velut
500 1532 734 1592 oraculo
753 1529 969 1605 miffaS,
987 1534 1048 1591 in
1062 1531 1293 1613 pefiora
1318 1530 1431 1589 ani·

106 1609 299 1693 mosque
324 1614 709 1683 demitterent,
736 1609 979 1671 Silentio
1010 1611 1221 1671 deinde
1245 1609 1392 1669 faflo
1410 1653 1431 1681 ‚

109 1693 238 1769 petiit
267 1693 333 1754 ab
371 1698 440 1757 iis
463 1740 485 1770 ‚
531 1708 594 1753 ut
654 1687 811 1753 {Res
859 1690 1198 1761 Romnum,
1243 1688 1285 1748 fi
1329 1691 1434 1769 qui

112 1772 233 1852 apud
259 1795 354 1837 eos
389 1780 451 1837 in
505 1771 775 1834 servitute
823 1767 1042 1842 essent,
1083 1767 1436 1850 conquisitos

110 1849 230 1913 intta'
247 1855 382 1916 duos
415 1851 646 1918 menses
678 1850 1062 1912 mitterentad
1085 1848 1141 1911 se
1167 1853 1228 1913 in
1255 1847 1440 1913 Thes-

114 1931 282 1997 saliam.
306 1940 392 1998 Ne
424 1938 556 2021 ipfis
597 1935 806 2014 quidem
832 1934 1101 2014 honestum
1123 1930 1223 2013 effe
1242 1975 1261 2005 ,
1294 1933 1353 1993 in
1376 1933 1439 1993 li-

117 2014 259 2075 berata
285 2035 415 2078 terra
451 2017 756 2078 liberatores
799 2011 915 2095 ejus
946 2012 1161 2092 ftrvire.
1206 2011 1436 2074 Omnes
1514 2038 1630 2079 cam

114 2095 453 2159 acclamarunt
475 2143 495 2172 ‚
525 2097 729 2185 gratias
765 2092 823 2154 se
855 2097 1003 2154 inter
1043 2112 1234 2154 cetera
1262 2095 1437 2153 etiam
1461 2088 1639 2186 {2722}

116 2176 180 2238 ob.
207 2178 309 2239 hoc
341 2199 545 2262 agere,
584 2175 741 2258 qubd
783 2175 1068 2247 admoniti
1106 2171 1280 2234 effent
1308 2217 1329 2245 ,
1376 2189 1440 2233 ut
1462 2152 1617 2225 imam

114 2271 206 2316 tam
273 2260 328 2321 io
351 2304 371 2333 ‚
407 2252 535 2319 tarn
569 2252 876 2316 necessario
914 2252 1111 2315 officio
1144 2253 1443 2335 fungeren·
1463 2237 1626 2326 ’ἔξω

114 2352 199 2399 tut.
219 2280 417 2423 Iiigens
442 2357 714 2398 numerus
737 2351 857 2395 erat
881 2333 1040 2394 bello
1065 2334 1283 2394 Punico
1310 2355 1445 2415 cap-
1466 2335 1640 2376 ‘ww‘-

116 2433 312 2497 torum,
355 2441 505 2503 quos
538 2415 823 2486 Annibal,
901 2435 1040 2485 uum
1092 2436 1126 2473 a
1176 2412 1285 2474 suis
1325 2434 1447 2476 non

115 2500 498 2562 redimerentur
520 2542 538 2572 ‚
564 2495 857 2559 venumde
904 2511 1042 2555 erat.
1065 2493 1449 2558 Mustitudinis

119 2596 288 2653 eorum
307 2597 704 2665 argumentum
722 2576 789 2637 fit
803 2620 825 2650 ,
840 2576 1003 2658 quod
1021 2576 1298 2658 Polybius
1316 2576 1368 2637 sc
1376 2579 1455 2637 ri-

117 2657 226 2737 bit,
256 2680 486 2725 centum
521 2661 744 2722 talentis
779 2679 906 2720 eam
930 2679 1055 2720 rem
1083 2657 1315 2719 Achaeis
1338 2658 1455 2719 ste·-

118 2739 218 2803 tiffe
252 2765 273 2819 ;
306 2764 483 2827 quum
531 2746 847 2824 quingenos
886 2738 1151 2805 denarios
1206 2742 1457 2819 pretium

120 2820 170 2887 in
196 2828 375 2909 capita
397 2869 418 2904 ,
448 2821 609 2908 quod
636 2822 970 2889 redderetur
1013 2821 1265 2961 doffiffis
1288 2863 1309 2895 ‚
1346 2817 1471 2880 stem.

496 2918 501 2923 .
1178 2920 1216 2978 ¹]
