2017 3609
339 463 443 506 uc.

337 513 534 566 &2197-

484 2707 715 2769 ·dic

556 263 690 354 164
938 260 1014 345 T.
1112 263 1564 334 L·1V11

553 378 664 442 esse
701 378 978 440 Romanis
1014 379 1384 440 liberantibus
1409 378 1726 442 Graeciam.
1821 410 1831 431 ο

449 458 767 522 55³·ces1um
829 482 905 522 eo
965 477 1231 540 tempore
1278 460 1626 522 Antiochus
1675 483 1714 521 o
1754 459 1874 520 erib

556 540 945 681 oppugnabat.
965 540 1265 621 Zephyrio
1283 584 1301 614 ‚
1319 543 1389 602 δι
1408 541 1565 603 Solis
1581 585 1602 614 ,
1624 543 1688 603 &
1707 483 1857 621 Kphr

559 623 619 682 dr
645 623 773 682 rade
792 664 813 695 ‚
850 623 915 683 &
946 619 1191 702 Coryco
1208 666 1228 696 ‚
1251 623 1316 683 &
1335 666 1358 695 ‚
1385 620 1664 703 superato
1689 621 1879 681 Auem

557 704 648 763 rio
677 701 1187 784 (promontorium
1207 702 1266 762 id
1289 724 1539 784 quoque
1564 699 1782 762 Ciliciae
1809 697 1873 758 est

558 782 854 845 Selinunte
906 802 1039 843 rece
1081 798 1145 842 to
1177 827 1198 858 ‚
1245 785 1531 844 omnibus
1582 784 1673 842 his
1713 777 1841 840 aliis
1863 803 1879 826 ·‚=

566 861 690 944 ejus
719 884 837 924 orae
870 804 1107 923 casteliis
1132 909 1153 939 ,
1180 879 1277 923 aut
1311 881 1481 925 metu
1504 906 1524 936 ,
1556 881 1656 924 aut
1676 861 1779 922 vol
1826 889 1833 910 ·
1857 857 1894 900 ν’

561 961 657 1020 te,
701 942 818 1004 fine
853 945 1200 1017 certamine,
1230 946 1291 1003 in
1329 944 1709 1006 deditionem
1749 959 1880 999 acc·-

564 1027 639 1086 tis
658 1067 678 1098 ,
709 1021 1081 1085 Coracesium
1156 1040 1322 1084 raeter
1348 1024 1384 1084 s
1421 1045 1523 1085 em
1548 1020 1749 1086 claufis
1768 1038 1839 1101 po
1871 1029 1892 1064 ι’

564 1106 797 1166 tenebat
816 1125 968 1167 eum.
998 1101 1088 1165 Ibi
1112 1046 1290 1186 iegati
1419 1106 1708 1168 odiorum
1729 1098 1896 1160 audi’'

566 1186 635 1247 ὅ(
668 1206 1014 1268 quamquam
1044 1207 1112 1245 ea
1133 1186 1344 1267 legatio
1381 1203 1513 1247 erat
1532 1227 1556 1261 ,
1589 1200 1717 1267 quae
1739 1200 1871 1240 acc

566 1265 707 1326 dere
745 1269 965 1348 regium
1019 1267 1273 1326 animum
1317 1266 1515 1348 poffet
1540 1311 1562 1339 ‚
1601 1281 1792 1344 tempe
1857 1285 1860 1292 ¹

564 1347 665 1405 irae
682 1388 701 1419 ,
726 1346 791 1406 &
806 1392 826 1419 ‚
841 1349 1076 1427 Legatos
1079 1344 1144 1425 fi
1153 1349 1403 1407 Rhodum
1427 1345 1704 1426 miffitrum
1723 1338 1859 1421 respo
1872 1366 1896 1426 τί

568 1425 684 1498 dit,
718 1424 885 1506 iisque
927 1430 1306 1487 mandaturum
1326 1473 1350 1503 ,
1387 1447 1456 1488 ut
1495 1438 1803 1488 renovarent

571 1507 709 1588 iusta
759 1503 869 1566 ’ura
883 1551 905 1579 ‚
942 1528 1063 1566 cum
1098 1529 1162 1565 ea
1196 1509 1422 1568 civitate
1447 1555 1474 1582 ,
1507 1507 1625 1588 sua
1661 1500 1794 1580 majo
1838 1531 1852 1546 .,

571 1608 672 1667 que
689 1528 908 1664 stiorum
940 1609 969 1660 ,·
1001 1587 1057 1646 6·
1094 1605 1332 1649 vetarent
1356 1611 1452 1649 eos
1487 1591 1776 1650 adventum
1822 1609 1856 1624 ¹·
1885 1587 1888 1594 '

573 1666 832 1746 timeftere
866 1670 1038 1750 regis,
1073 1668 1222 1728 nihil
1247 1668 1338 1728 his
1386 1688 1496 1730 aut
1542 1667 1719 1748 sociis
1765 1684 1805 1720 e
1843 1699 1846 1702 ‚

571 1770 731 1810 noxae
757 1746 1000 1830 flaturum
1016 1746 1276 1829 ftaudive
1308 1768 1324 1809 t
1361 1773 1501 1811 nam
1522 1796 1544 1825 ,
1581 1752 1812 1810 Romano

567 1831 867 1889 amicitiam
888 1827 951 1908 J}
985 1851 1096 1890 non
1129 1829 1459 1890 violaturum
1483 1875 1508 1902 ,
1545 1837 1830 1910 argumento
1863 1825 1880 1856 '¹

561 1906 724 1986 suam
754 1928 1002 1969 recentem
1032 1912 1110 1969 ad
1129 1932 1219 1969 eos
1249 1910 1575 1992 legationem
1607 1906 1705 1986 ff
1718 1949 1739 1975 2
1771 1890 1869 1972 6's

570 1988 738 2047 nattis
779 1987 1075 2065 honorifica
1109 1991 1169 2049 in
1203 1986 1266 2066 fi
1311 1994 1524 2050 decreta
1575 1978 1897 2068 responsaqusf

572 2065 733 2128 Tum
765 2066 914 2129 forte
953 2069 1005 2128 le
1047 2070 1123 2127 ati
1159 2069 1445 2134 redierant
1478 2071 1555 2132 ab
1597 2069 1802 2130 Roma,
1823 2074 1892 2119 ‘³⁰‘

571 2148 743 2208 miter
778 2147 952 2208 auditi
1034 2146 1313 2231 imiffique
1341 2195 1362 2226 ‚
1391 2168 1457 2214 ut
1489 2170 1614 2213 tem
1657 2166 1718 2206 us
1744 2132 1889 2221 POstn·

571 2228 764 2303 labat,
799 2230 1020 2290 incerto
1055 2228 1238 2290 adhuc
1283 2231 1562 2294 advershs
1657 2223 1891 2307 hilippuffn-

574 2326 787 2369 eventu
827 2308 987 2371 belli.
1025 2308 1233 2389 Quum
1282 2312 1406 2373 haec
1465 2311 1640 2396 legati
1687 2301 1813 2383 regis
1843 2310 1884 2352 ¹¹¹

574 2392 857 2453 concione
886 2389 1251 2455 Rhodiorum
1268 2410 1504 2474 agerent
1529 2439 1551 2468 ,
1575 2386 1791 2452 nuntius
1813 2391 1888 2433 ’θ’

577 2471 693 2542 nit,
711 2470 1061 2534 debellatum
1080 2472 1150 2533 ad
1164 2467 1636 2555 Cynoscephalas
1657 2455 1887 2528 effe.H⁰⁶

572 2551 778 2610 nuntio
813 2569 1053 2632 accepto
1077 2597 1098 2626 ‚
1130 2552 1411 2626 Rhodiis,
1446 2554 1581 2614 dem
1622 2569 1683 2611 to
1704 2554 1834 2605 metu
1857 2549 1881 2588 ²

574 2626 839 2765 Philifpo
865 2633 1062 2704 omni,
1088 2649 1206 2693 erat
1227 2632 1523 2697 confilium
1541 2656 1581 2694 o
1625 2627 1769 2691 viem
1783 2632 1886 2679 ⁸⁰²¹·

741 2705 848 2769 asse
890 2707 1205 2774 Antiocho.
1242 2711 1404 2774 Illam
1458 2714 1687 2773 alteram
1733 2709 1881 2763 cunm

577 2807 700 2867 non
730 2785 1039 2851 omiserunt
1055 2834 1075 2863 ,
1096 2793 1326 2854 tuendae
1345 2794 1616 2859 libertatis
1638 2787 1882 2849 civitatum

574 2865 856 2937 sociarum
874 2867 1213 2950 Ptolemaei,
1243 2873 1449 2960 quibus
1471 2874 1687 2939 bellum
1710 2854 1882 2933 abAss‘
