2017 3609
354 116 731 188 LIBER
831 115 1251 189 XXXII.
1361 136 1489 188 111

161 219 488 304 ijAttalus
510 280 530 309 ‚
558 233 816 296 tradusso
842 255 946 318 per
971 234 1249 296 Isthmum
1284 234 1503 296 exerci-
1529 253 1722 288 ετξ-ι

169 321 246 383 tu,
261 311 319 372 ab
334 312 583 376 Lechaeo
599 360 620 391 ‚
642 316 873 377 alterius
896 319 1067 377 maris
1091 333 1263 399 portu
1279 360 1299 390 ‚
1318 335 1501 398 oppu·
1525 311 1725 410 ξ’(ξῆἑζ

168 391 404 471 guahant3
430 398 623 479 primo
658 395 884 480 segnius
900 438 921 471 ‚
944 396 1230 480 sperantes
1266 394 1504 458 seditio-

165 489 277 533 nem
303 479 446 537 intus
470 477 597 540 fore
636 479 787 540 inter
833 479 1154 562 oppidanos
1184 498 1249 539 ac
1274 479 1499 562 regium

165 554 492 631 praefidium:
532 557 839 643 postquam
871 581 989 622 uno
1025 561 1221 621 animo
1256 580 1501 633 omnes,

170 633 223 693 &
249 634 590 702 Macedones
633 658 928 724 tamquam
973 654 1354 704 'communem
1405 662 1507 723 pa-

170 716 301 785 ttiam
332 721 639 784 tuebantur
657 766 678 796 ‚
710 723 777 785 &
808 719 1097 784 Corinthii
1132 722 1343 782 ducem
1363 742 1506 803 prae-

172 792 269 859 fidii
297 799 802 877 Androsthenem,
828 803 980 864 haud
1013 802 1174 865 secus
1212 800 1387 886 quam
1425 803 1505 863 ci·

167 896 279 966 γεω
301 927 321 955 ,
352 884 415 945 &
444 881 708 967 suffragio
765 902 1023 946 creatum
1074 882 1178 945 suo
1200 929 1220 959 ‚
1253 885 1508 966 imperio

172 957 292 1037 justo
319 965 675 1044 patiebantur
692 987 712 1040 3
731 967 923 1027 omnis
943 966 1079 1026 inde
1101 963 1227 1048 spes
1246 984 1505 1048 pugnan-

171 1039 297 1102 tibus
330 1046 384 1103 in
414 1047 475 1107 vi
495 1091 516 1121 ‚
558 1046 625 1108 &
666 1049 841 1107 armis
866 1093 886 1121 ‚
924 1046 991 1107 &
1036 1045 1309 1128 operibus
1358 1063 1505 1108 erat.

173 1117 412 1207 Undique
518 1147 683 1210 geres
715 1128 870 1188 haud
903 1124 1057 1186 facili
1079 1126 1234 1186 aditu
1262 1125 1334 1186 ad
1355 1149 1504 1189 moe·

176 1146 721 1270 niaadmovaegbantur.
739 1208 911 1271 Aries
933 1227 1005 1267 ex
1026 1228 1092 1268 ea
1113 1202 1304 1289 parte,
1327 1228 1502 1290 quam

179 1279 390 1348 Romani
415 1289 854 1374 oppugnabant,
873 1289 1221 1371 aliquantum
1244 1292 1391 1350 muri
1420 1290 1506 1350 di-

185 1370 446 1444 ruerat3in
480 1391 660 1454 quem
681 1370 876 1432 locum
901 1416 919 1446 ‚
951 1372 1084 1453 quia
1118 1370 1361 1431 nudatus
1383 1392 1513 1431 mu-

89 1506 96 1513 .
190 1445 402 1513 nimeuto
439 1470 559 1513 erat
581 1496 603 1527 ,
643 1469 811 1535 prote
854 1451 1069 1512 endum
1111 1453 1281 1512 armis
1327 1472 1509 1532 quum

190 1523 498 1595 Macedones
531 1535 793 1595 concurri
842 1550 977 1610 ent,
1020 1550 1184 1593 atrox
1237 1532 1511 1615 proelium

187 1606 310 1671 inter
334 1633 427 1676 eos
461 1637 528 1675 ac
564 1614 865 1677 Romanos
904 1631 1109 1678 ortum
1139 1610 1239 1673 est.
1271 1609 1363 1673 Ac
1445 1612 1520 1671 τί·

190 1691 273 1751 mb
306 1690 654 1757 multitudine
701 1694 868 1758 facile
912 1717 983 1757 ex
1028 1693 1345 1754 ellebantur
1445 1714 1516 1752 o·

192 1774 319 1833 mani
348 1797 361 1836 :
393 1775 677 1860 affumptis
709 1777 925 1838 deinde
1025 1774 1315 1835 chaeorum
1351 1774 1516 1835 Atta-

194 1849 322 1935 lique
363 1859 576 1920 auxiliis
597 1903 617 1935 ,
654 1860 958 1942 aequabant
1013 1873 1304 1917 certamen
1340 1876 1358 1929 ;
1403 1876 1517 1917 nec

199 1932 397 1999 dubium
427 1958 580 2016 erat,
687 1943 703 1979 ν’
778 1937 1135 2000 Macedonas
1160 1935 1516 2019 Graecosque

201 2010 339 2075 facile
367 2020 494 2083 loco
538 1961 749 2105 puffi
795 2012 1027 2082 fuerint.
1064 2017 1522 2100 Transfugaruroe

207 2090 484 2163 Italicorum
515 2123 724 2186 magna
762 2101 1078 2163 multitudo
1090 2114 1209 2159 erat
1242 2121 1262 2173 ;
1290 2119 1418 2180 pars
1443 2117 1523 2156 ex

204 2172 457 2243 Annibalis
489 2186 748 2246 exercitu
777 2200 934 2243 metu
973 2200 1164 2264 poenae
1183 2201 1215 2239 a
1237 2178 1531 2248 Romanis·

204 2253 483 2344 Philippum
518 2265 697 2327 secuti
725 2310 747 2340 ,
778 2286 910 2346 pars
947 2259 1180 2322 navales
1212 2258 1392 2332 socii,
1432 2278 1526 2318 re·

208 2336 323 2400 liffis
349 2365 518 2428 nuper
546 2343 809 2408 claffibus
832 2390 852 2418 ,
890 2342 966 2404 ad
996 2340 1158 2423 spem
1195 2340 1527 2401 honoratio-

208 2418 273 2479 ris
312 2426 505 2491 militiae
543 2421 862 2508 transgreffi
898 2446 913 2485 ε
954 2422 1065 2481 hos
1107 2418 1402 2500 desperata
1439 2419 1537 2480 sa-

209 2495 312 2576 Ῑΰδ,
335 2503 374 2565 fi
403 2499 649 2569 Romani
686 2502 946 2568 vicissent
964 2548 984 2578 ‚
1030 2500 1102 2561 ad
1154 2500 1375 2561 rabiem·
1407 2521 1539 2561 ma-

215 2581 279 2659 gis
294 2589 484 2668 ‚quam
505 2583 797 2649 audaciam
813 2630 833 2658 ‚
858 2583 1231 2647 accendebat.
1251 2581 1539 2642 Promon-

220 2665 385 2727 torium
398 2669 474 2731 est
485 2666 761 2730 adversus
768 2662 1344 2750 SicyonemJunonis
1361 2680 1539 2743 quam

217 2757 388 2813 vocant
418 2749 682 2829 Acraeam
700 2795 722 2829 ,
757 2753 817 2813 in
845 2750 1027 2815 altum
1059 2764 1395 2812 excurrens:
1420 2758 1549 2813 traq-
