2017 3609
298 254 735 359 „LIBER
833 216 1217 332 XXXV.
1338 281 1477 357 319

103 388 210 437 tres
230 377 420 441 aditus
443 376 722 441 claudere
755 379 1080 461 opportune
1114 376 1312 461 pofitis
1334 400 1479 462 prae-
1500 381 1697 431 ¹·-·'·-··--···

105 455 248 518 fidiis
282 460 488 522 voluit
515 459 720 520 :tertia
761 477 922 541 parte
959 462 1253 541 copiarum
1276 459 1347 520 ab
1367 453 1703 554 051³?ngss

112 534 315 599 fidione
356 539 593 623 Gythii
634 538 871 600 abduci&
888 583 908 614 ,
943 540 1017 600 ad
1066 539 1247 601 Pleias
1291 540 1481 622 posuit
1526 531 1540 547 ⁶
1590 530 1604 548 ⁹

116 617 294 681 castra.
348 620 641 682 Imminet
684 622 732 678 is
793 621 957 681 locus
1004 621 1070 682 &
1110 620 1315 681 Leucis
1347 665 1367 694 ‚
1418 623 1484 683 &

117 696 287 771 Acriis
302 746 322 776 ‚
340 700 461 783 qua
473 700 824 762 videbantur
837 700 1029 762 hostes
1051 703 1363 762 exercitum
1384 701 1485 760 ad-

119 784 343 842 moturi:
374 780 599 860 Quum
630 782 707 841 ibi
736 779 938 844 stativa
979 781 1154 843 essent
1173 828 1193 857 ‚
1230 783 1295 844 &
1318 782 1485 862 pauci

119 858 474 924 'tabernacula
514 861 799 923 habenent
822 908 842 937 ‚
876 863 1188 924 multitudo
1241 863 1349 922 alia
1391 881 1489 920 ca·-

123 934 193 999 sas
230 962 300 1002 ex
341 944 636 1004 arundine
677 957 859 1004 textas
894 943 1103 1006 fronde
1124 988 1147 1020 ⁴,
1189 965 1318 1026 quae
1352 961 1486 1000 um-

120 1016 267 1080 hram
316 1024 512 1084 modo
615 1022 892 1097 raeberet‚
940 1023 1202 1085 texissent
1239 1044 1259 1096 ;
1307 1018 1489 1103 prius-

127 1116 280 1180 quam
312 1106 374 1163 in
416 1045 796 1186 consgeElum
834 1104 1086 1164 hostium
1110 1105 1339 1164 veniret
1358 1098 1487 1160 Phi-

126 1177 449 1261 lopoemen‚
494 1187 950 1265 necopinantem
992 1205 1127 1244 eum
1170 1179 1483 1265 improviso

129 1277 318 1353 genere
351 1263 504 1325 belli
526 1265 770 1346 aggredi
801 1263 1005 1324 statuit.
1035 1263 1282 1346 Navigia
1302 1284 1484 1345 parva
1537 1278 1705 1320 mam

131 1356 184 1399 m
219 1340 527 1406 stationem
563 1344 851 1404 occultam
878 1346 997 1426 agri
1026 1343 1232 1426 Argivi
1266 1363 1485 1405 contra·
1505 1328 1695 1423 ffgaze.

133 1416 315 1482 xhrin
354 1446 423 1485 ea
472 1423 785 1509 expeditos
809 1424 1054 1497 militer»,
1093 1440 1335 1485 cetratos
1409 1424 1490 1484 le-

136 1499 320 1585 rosque
339 1549 360 1578 ,
395 1527 538 1566 cum
563 1503 757 1565 fundis
786 1503 1069 1585 &jaculis
1091 1550 1111 1579 ‚
1134 1507 1197 1566 &
1226 1506 1341 1562 alio
1394 1505 1491 1562 evi

135 1598 327 1717 periere
366 1600 717 1659 armaturaeg,
759 1584 1031 1665 imposuit
1071 1606 1085 1644 ε
1123 1584 1259 1643 inde
1303 1584 1493 1643 littora

161 1681 354 1743 egens,
389 1688 581 1749 quum
621 1666 692 1725 ad
727 1667 933 1745 propin
978 1683 1117 1721 uum
1145 1661 1331 1721 castris
1358 1659 1495 1720 hos·

141 1740 266 1803 tium
296 1740 771 1829 promontorium
807 1685 1047 1804 veniffset
1067 1786 1086 1816 ,
1119 1738 1360 1823 egressus
1382 1741 1496 1800 cal-

141 1819 273 1884 libus
307 1830 460 1888 notis
483 1876 503 1905 ‚
529 1824 704 1887 nocie
729 1823 910 1883 Pleias
947 1824 1214 1905 pervenit
1243 1844 1263 1896 ;
1295 1822 1388 1896 &,
1412 1821 1499 1880 so·

149 1902 265 1979 pitis
290 1910 565 1992 vigilibus
587 1953 608 1980 ‚
643 1923 706 1966 ut
736 1907 795 1964 in
825 1904 985 1965 nullo
1023 1906 1349 1986 propinquo
1379 1922 1499 1962 me·

149 1995 239 2055 tn,
275 1988 469 2071 ignem
506 1985 648 2049 cafis
680 1987 750 2046 ab
779 1988 939 2045 omni
986 2001 1148 2066 parte
1191 1982 1501 2043 castrorum

150 2060 341 2140 injecit.
365 2066 546 2130 Multi
568 2069 722 2148 prius
735 2066 1013 2145 incendio
1045 2063 1324 2144 absumpti
1346 2060 1503 2135 sunt,

152 2143 307 2279 ffatim
335 2149 593 2210 hostiurn
617 2147 928 2208 adventum
956 2143 1225 2205 sentirent
1248 2166 1268 2218 3
1289 2145 1383 2215 δι,
1404 2143 1505 2223 qui

175 2224 455 2307 miserant,
491 2228 712 2288 nullam
753 2247 928 2308 opem
979 2224 1127 2285 ferre
1178 2238 1505 2305 potuerunt.v

152 2298 313 2368 Ferro
356 2308 708 2388 flammaque
747 2307 941 2366 omnia
977 2304 1171 2365 absum
1215 2321 1272 2363 ta
1320 2324 1334 2362 :
1384 2323 1510 2380 pet·

157 2389 310 2461 pauci
338 2405 536 2450 tamen
577 2408 652 2447 ex
684 2400 799 2445 tam
831 2387 1064 2467 ancipiti
1090 2393 1161 2466 pe
1215 2404 1245 2442 e
1282 2383 1356 2442 ad
1379 2381 1510 2462 Gy-

158 2463 327 2527 thium
354 2460 432 2531 ‘in
485 2464 710 2545 majora
760 2462 947 2525 castra
989 2463 1372 2546 pet-fugerunt.
1424 2462 1512 2524 Ita

157 2546 416 2622 'perculsis
460 2546 756 2620 hostibus,
804 2544 1203 2626 Philopoemen
1253 2544 1511 2626 protinus

162 2624 227 2682 ad
264 2627 729 2707 depopulandam
747 2626 1038 2708 Tripolim
1059 2624 1326 2689 Laconici
1355 2628 1514 2707 agri,

165 2705 255 2840 gui
285 2710 580 2785 proximus
613 2707 791 2769 finem
826 2707 1365 2791 Megalopolitarum
1401 2702 1514 2777 est,

200 2786 354 2859 uxit·;
384 2787 448 2847 ὅ(
478 2790 678 2872 magna
707 2791 768 2850 vi
836 2790 1069 2850 ecorum
1101 2788 1516 2862 hominumque

169 2858 295 2926 inde
322 2865 596 2950 abrepta,
642 2812 964 2955 priusguam
1001 2891 1034 2928 a
1064 2866 1123 2927 G
1172 2867 1291 2958 thio
1332 2880 1518 2943 tyran-

1222 2965 1285 3007 iv
