2017 3609
491 171 859 241 LIBER
956 168 1312 241 XXXI.
1494 186 1589 252 21·

222 292 433 367 pertus.
464 280 578 347 Sed
606 289 830 348 animos
854 287 909 346 ei
941 284 1220 358 faciebat,
1257 302 1464 369 praeter
1494 283 1581 350 fe-
1604 307 1807 358 ==·--1

226 368 440 425 sociam
474 366 689 428 infitam
710 412 731 444 ‚
761 366 956 427 foedus
994 365 1165 428 ibium
1200 388 1334 429 cum
1365 367 1584 431 Antio·
1604 377 1809 430 the-55²·

229 446 332 512 eho
364 446 554 528 Syriae
592 470 724 532 rege
744 492 771 521 ,
811 446 1123 529 divisaeque
1167 446 1283 528 jam
1320 470 1455 510 cum
1501 471 1579 513 eo
1602 428 1808 476 memo.

215 526 469 609 AEgypti
491 551 526 589 o
569 547 629 590 es
644 575 664 604 ‚
695 533 789 592 cui
810 573 835 603 ,
851 546 1041 590 morte
1065 528 1256 590 audita
1277 529 1584 593 Ptolemaei

207 612 363 690 regis
383 653 406 683 ‚
462 693 476 706 ο
620 612 1016 706 imrninebant.
1039 607 1460 706 Contraxerant
1481 634 1579 674 au·
1648 648 1776 701 cas,

205 701 330 750 tem
368 689 480 751 fibt
499 713 629 752 cum
658 691 930 773 Pluhppo
956 690 1173 751 bellum
1200 689 1581 754 Athemenses
1597 698 1691 737 ΜΗ
1712 700 1781 739 Α·

206 767 656 854 haudquaquam
686 772 861 855 digna
879 772 1050 831 causa
1070 792 1091 847 3
1119 771 1261 832 dum
1283 791 1357 831 ex
1377 789 1579 834 vetere
1591 748 1778 842 Jffii‘ss

1603 840 1641 880 b
1675 844 1779 884 Pu-

202 846 443 914 fortuna
471 853 607 912 nihil
640 871 850 935 praeter
870 856 1093 912 animos
1129 850 1375 913 servant.
1401 852 1770 946 Ac²r·1szw,

162 938 177 942 ’
210 950 397 991 naues
417 934 532 994 duo
554 931 796 1014 juvenes
893 956 921 993 r
948 932 1253 994 Initiorum
1274 934 1398 994 dies
1418 978 1439 1008 ‚
1460 955 1584 995 non

218 1010 419 1075 initiati
433 1059 453 1089 ‚
471 1015 754 1097 templum
777 955 1012 1076 Cpe‘ieris
1030 1056 1051 1090 ,
1079 1013 1468 1110 imprudentes
1490 1035 1588 1075 re-

214 1090 440 1174 ligionis
461 1138 482 1169 ‚
514 1118 648 1156 cum
704 1113 896 1157 cetera
948 1093 1117 1155 turba
1163 1116 1220 1154 1n
1288 1092 1386 1156 effi
1435 1093 1584 1157 sunt.

209 1171 403 1235 Facile
443 1196 544 1236 eos
590 1176 782 1238 sermo
816 1174 1112 1258 prodidit,
1145 1175 1218 1234 ab
1244 1175 1384 1235 urde
1420 1196 1585 1257 quae-

206 1253 353 1315 dam
380 1256 812 1338 percunaantes
842 1279 864 1333 3
897 1254 1243 1338 deduffique
1276 1255 1349 1316 ad
1379 1255 1586 1317 antisti·

209 1350 307 1429 tes
339 1338 571 1417 templi,
595 1360 777 1421 quum
798 1337 991 1418 palam
1008 1334 1299 1476 ‘effetfer
1323 1356 1585 1399 errorem

208 1415 1320 1580 zxffsfflffssffitqffiwfme
1348 1415 1584 1559 stsshfi.

208 1592 302 1638 ter
330 1577 541 1642 faeium
574 1600 715 1663 gens
745 1579 1115 1642 Acarnanum
1141 1579 1216 1639 ad
1249 1573 1582 1662 Philippum

208 1657 417 1720 detulit
454 1681 476 1735 3
506 1661 960 1743 impetravitque
999 1660 1073 1720 ab
1117 1680 1195 1720 eo
1222 1701 1242 1732 ,
1283 1676 1348 1720 ut
1375 1702 1395 1732 ‚
1440 1659 1590 1719 datis

213 1737 618 1802 Macedonum
677 1742 904 1802 auxiliis
920 1783 947 1814 ,
997 1739 1222 1801 bellum
1262 1736 1319 1799 se
1375 1736 1588 1799 inferre

209 1817 663 1882 Atheniensibus
677 1839 982 1903 pateretur.
1001 1820 1119 1881 Hic
1138 1820 1417 1881 exercitus
1430 1866 1450 1895 ‚
1471 1820 1589 1902 pri-

209 1901 319 1962 ωδ
351 1918 565 1963 terram
585 1903 844 1972 Atticam
874 1901 1034 1963 ferro
1059 1903 1291 1984 ignique
1324 1899 1588 1984 depopu-

216 1980 372 2041 latus
390 2025 412 2054 ,
442 2003 574 2046 cum
601 1986 791 2045 omnis
829 1985 1055 2065 generis
1089 1982 1285 2061 praeda
1320 1982 1382 2042 in
1409 1981 1587 2043 Acar-

217 2063 456 2122 naniam
493 2064 661 2125 rediit
691 2084 714 2137 3
747 2065 814 2126 δι
850 2064 1093 2124 irritatio
1151 2066 1474 2122 animorum
1522 2081 1594 2124 ea

211 2144 409 2224 prima
454 2141 601 2206 fuit:
634 2142 838 2224 postea
877 2141 1092 2222 justum
1122 2142 1343 2202 bellum
1389 2141 1593 2201 decre·-

210 2225 289 2285 tis
327 2226 569 2285 civitatis
605 2224 761 2285 ultro
795 2222 1109 2284 indicendo
1146 2220 1372 2282 saecum.
1414 2220 1590 2283 Atta·
1638 2241 1811 2301 anagn·

210 2303 302 2366 lus
342 2308 501 2365 enim
537 2326 641 2365 rex
662 2304 879 2366 Rhodii
924 2325 996 2367 ue
1018 2348 1046 2379 ‚.
1073 2302 1355 2384 persecuti
1384 2302 1593 2363 ceden-
1606 2289 1798 2331 ΛΜΝ·

209 2402 337 2447 tem
352 2391 417 2446 in
431 2385 903 2447 MacedoniamP
945 2389 956 2400 ’
985 2388 1227 2465 ippum,
1247 2383 1511 2462 quumAE
1551 2386 1594 2432 '-

209 2487 352 2528 nam
389 2464 718 2541 veniss'ent3
754 2487 856 2527 rex
886 2465 1169 2526 Piraeeum
1188 2508 1209 2537 ,
1238 2483 1497 2524 renovan
1540 2486 1593 2525 ae

215 2546 637 2627 firmandaeque
665 2569 797 2608 cum
830 2542 1278 2609 Atheniensibus
1307 2542 1594 2606 fiocietatis

222 2629 389 2689 causa
406 2672 431 2701 ,
470 2625 717 2705 trajecit.
750 2625 974 2689 Civitas
1007 2627 1204 2688 omnis
1231 2623 1471 2685 obviam
1505 2623 1595 2685 ef-

222 2704 351 2766 fusa
377 2728 518 2768 eum
541 2705 879 2791 conjugibus
909 2730 976 2770 ac
1000 2708 1197 2769 liberis
1213 2749 1234 2778 ,
1266 2702 1593 2767 sacerdotes

219 2807 380 2873 cum⁴
403 2785 716 2870 infignibus
753 2788 864 2853 suis
903 2792 1215 2854 intrantem
1248 2783 1451 2852 urbem
1473 2829 1496 2874 ²,
1527 2805 1599 2855 ac
