2017 3609
452 178 851 254 'LIBER
951 180 1312 255 XXXI.
1493 195 1590 280 33·

267 294 508 360 XXIV.
548 295 942 359 Demetriade
962 314 1083 360 tum
1105 297 1290 381 Philip
1334 317 1401 357 us
1427 315 1548 358 erat
1562 319 1583 371 3
1608 308 1804 372 ἐξ.

192 381 309 459 quo
345 400 547 463 quum
583 375 721 439 esset
753 380 1014 439 nuntiata
1048 379 1239 441 clades
1305 380 1451 439 ociae
1486 398 1583 439 ur·
1607 384 1806 437 the-55²·

192 457 315 534 bis,
363 480 736 544 quamquam
780 458 970 520 serum
1027 462 1292 521 auxilium
1341 458 1579 541 perditis
1601 435 1804 524 ’33νῖἳῖ

189 559 353 616 erat,
405 560 613 601 tamen
640 583 659 612 ‚
706 561 839 621 quae
890 542 1151 622 proxima
1198 539 1408 601 auxilio
1455 538 1575 614 est,
1596 534 1786 636 ’ζ’-’,υἷα

179 620 485 681 ultionem
526 638 735 703 petens
757 665 787 694 ‚
817 642 951 681 cum
997 621 1280 704 expeditis
1325 622 1580 703 quinque
1592 613 1700 684 saa'.

178 701 453 762 millibus
501 701 772 782 peditum
795 745 817 775 ,
860 702 924 762 δι
969 704 1242 762 trecentis
1302 720 1334 760 e
1379 702 1583 761 uitibus

184 782 510 864 extemplo
552 779 880 862 profthus,
918 780 1078 842 cursu
1122 781 1310 864 prope
1411 781 1589 840 halci-

183 862 334 942 dem
373 860 697 923 contendit
716 906 737 936 ‚
771 861 1218 944 haudquaquam
1250 859 1458 922 dubius
1481 881 1591 942 op-

186 945 377 1023 primi
430 941 740 1003 Romanos
786 940 945 1024 posse
988 964 1003 1003 :
1050 964 1087 1003 a
1130 964 1241 1025 qua
1287 939 1590 1003 destitutus

201 1018 238 1081 s
271 1043 345 1097 e,
381 1043 496 1083 nec
580 1022 856 1104 uidquam
894 1021 1048 1083 aliud
1084 1066 1104 1095 ‚
1142 1023 1316 1104 quam
1356 1023 1449 1083 ad·
1482 1023 1591 1082 de-

226 1124 390 1163 orme
435 1100 544 1183 spe
603 1103 830 1163 aculum
884 1101 1170 1166 semirutae
1208 1124 1273 1164 ac
1317 1100 1588 1168 fumantis

195 1182 370 1244 sociae
404 1182 573 1242 urbis
647 1203 787 1242 uum
810 1180 1086 1256 venisset,
1110 1186 1305 1264 paucis
1326 1185 1462 1257 vix,
1484 1186 1586 1266 qui

194 1262 515 1346 sepelirent
551 1262 628 1323 be
672 1285 712 1323 o
750 1261 1081 1345 absumptos
1102 1307 1122 1338 ,
1149 1263 1389 1337 reliffis,
1512 1266 1586 1325 ue

196 1347 419 1425 raptim
452 1365 520 1404 ac
552 1360 795 1404 venerat
816 1388 835 1417 ,
867 1342 1027 1404 trans
1054 1343 1224 1405 reffus
1293 1362 1430 1405 onte
1524 1366 1589 1405 u·

202 1427 433 1506 ripum,
474 1443 584 1505 per
619 1423 912 1483 Boeotiam
947 1423 1006 1485 A
1072 1445 1206 1485 enas
1281 1427 1432 1498 ucit‚
1464 1429 1587 1506 pari
1654 1455 1781 1494 Duc„

201 1504 338 1564 ince
385 1521 450 1564 to
484 1504 642 1564 haud
673 1501 955 1586 disparem
992 1523 1269 1568 eventum
1289 1523 1446 1566 ratus
1471 1505 1585 1567 res·
1610 1503 1804 1546 “¹⁵⁰⁸ss-

198 1526 548 1668 ponglruln.
587 1582 666 1645 Et
709 1583 1080 1666 respondisset
1106 1632 1128 1664 ,
1163 1589 1224 1647 ni
1268 1583 1590 1669 speculator

202 1665 751 1748 (hemerodromos
777 1683 991 1728 vocant
1018 1664 1211 1728 Graeci
1227 1710 1247 1741 ,
1272 1668 1472 1749 ingens
1496 1668 1594 1728 die

147 1794 155 1800 .
203 1768 330 1808 uno
362 1744 536 1806 cursu
571 1747 907 1806 emetientes
933 1745 1214 1828 spatium)
1235 1748 1594 1829 contempla-

205 1847 305 1888 tus
329 1829 565 1909 regium
593 1847 798 1908 agmen
827 1847 859 1886 e
888 1824 1118 1907 specula
1140 1828 1422 1909 quadam,
1441 1849 1591 1909 prae-

281 1905 432 1967 ess'us
474 1906 646 1968 nosie
682 1906 877 1969 media
915 1905 1180 1968 Athenas
1224 1910 1590 1991 perveniss'et.

207 1929 396 2048 &dem
440 1989 521 2048 ibi
558 1987 788 2049 somnus
812 2032 832 2061 ,
872 1987 1192 2071 eademque
1242 1990 1592 2071 negligentia

223 2083 386 2139 erat,
409 2088 531 2149 quae
556 2066 897 2130 Chalcidem
920 2068 1043 2138 dies
1071 2086 1205 2129 ante
1221 2089 1440 2149 paucos
1461 2089 1592 2146 pro·

219 2148 472 2209 diderat.
511 2145 755 2210 Excitati
785 2149 989 2210 nuntio
1027 2148 1257 2229 trepido
1287 2149 1352 2207 &
1382 2163 1594 2228 praetor

218 2228 662 2291 Atheniensium
696 2231 763 2292 &
797 2225 1129 2309 Dioxippus
1154 2225 1451 2309 praefestus
1491 2248 1595 2289 co·

215 2310 407 2371 hortis
450 2310 726 2371 mercede
782 2308 1145 2369 militantium
1201 2308 1540 2368 auxiliorum
1571 2354 1595 2385 ‚

220 2393 565 2452 convocatis
585 2394 644 2450 in
662 2388 855 2452 forum
874 2388 1148 2452 militibus
1172 2432 1192 2460 ,
1214 2389 1353 2447 tuba
1374 2385 1596 2470 fignum

221 2493 297 2533 ex
320 2491 453 2531 arce
490 2470 614 2530 dari
651 2469 893 2551 jubent,
929 2485 992 2528 ut
1021 2466 1219 2538 ‚hostes
1243 2466 1428 2530 adesse
1465 2490 1597 2529 om·-

224 2574 325 2613 nes
368 2551 586 2613 scirent
624 2572 640 2612 ε
687 2552 767 2612 ita
815 2550 1071 2631 undique
1119 2548 1192 2609 ad
1233 2567 1429 2632 portas
1458 2591 1479 2621 ,
1522 2550 1599 2612 ad

232 2654 427 2693 muros
466 2629 807 2692 discurrunt.
840 2630 1053 2692 Paucas
1092 2626 1221 2712 post
1257 2630 1428 2690 horas
1463 2619 1597 2712 Phi}-

234 2711 416 2796 lippus
438 2759 459 2788 ,
487 2712 781 2792 aliquanto
819 2728 1005 2772 tamen
1037 2729 1169 2771 ante
1218 2710 1404 2774 lucem
1433 2754 1474 2783 ‚t
1499 2732 1603 2793 ap:-

222 2795 631 2879 propinquans
652 2792 776 2853 urbi
790 2835 811 2870 ,
826 2792 1137 2876 conspeffls
1155 2790 1462 2932 lumbinibus
1481 2811 1603 2872 crez-

1318 2892 1360 2934 v
