2017 3609
301 301 458 371 LI
503 317 723 371 BER
823 280 1271 370 XXXIV.
1361 294 1491 392 283

61 418 350 480 mid-amm
394 416 578 500 ffet,
611 415 726 497 ejus
747 418 980 495 finer-ent
1013 413 1110 494 ff·
1135 441 1161 492 ,-
1198 439 1295 478 nec
1324 416 1388 497 fi
1416 418 1501 477 in·
1521 439 1715 473 ======

61 517 425 581 terponerent
448 544 476 573 ‚
519 501 822 578 quominus⁴
843 502 939 579 qui
964 494 1176 579 poffint
1197 544 1216 570 ‚
1251 516 1495 560 tenerent.
1518 497 1714 589 Ugffffl·

61 578 191 641 Res
231 581 485 641 onderi
515 581 715 661 legatis
744 579 1036 662 utriusque
1058 581 1232 660 partis
1256 581 1497 660 placuit,
1515 562 1554 589 ³‘
1610 572 1623 586 ⁶
1650 557 1720 597 ⁹³⁹

62 662 143 720 mi
201 683 359 721 uros
408 659 482 720 se
539 663 598 719 in
644 658 945 734 Africam,
979 661 1078 741 qui
1127 661 1276 719 inter
1311 681 1499 740 popu-

65 739 195 800 lum
230 739 810 823 Carthaginiensem
855 743 918 801 &
959 760 1159 822 regem
1188 742 1245 798 in
1269 760 1329 799 re
1403 759 1504 796 rae-

73 819 220 880 senti
257 821 704 902 disceptarent.
751 819 904 880 Miffi
947 820 1008 882 P.
1048 819 1243 902 Scipio
1275 817 1333 878 A
1360 822 1503 877 rica·
1564 834 1695 888 scipio

72 921 184 961 uus
209 947 230 976 ,
253 905 332 965 &
362 901 455 964 C.
483 901 793 964 Cornelius
823 898 975 962 Ceth
1094 923 1118 961 s
1136 946 1156 975 ‚
1190 900 1255 962 &
1280 898 1369 960 M.
1389 897 1502 958 Mi·
1520 885 1703 985 {2333-

81 983 288 1044 nucius
328 980 546 1043 Rufus
569 1026 588 1057 ,
634 981 825 1044 audita
852 979 948 1042 ins
1069 982 1215 1063 aque
1253 1001 1314 1041 re
1340 1024 1359 1054 ‚
1394 977 1605 1080 sus-ff*
1620 983 1713 1036 mis·

83 1059 260 1142 pensa
302 1062 574 1137 omnia,
603 1063 805 1123 neutro
839 1005 1119 1124 inclinatis
1165 1059 1455 1121 sententiis
1480 1102 1501 1133 ‚
1583 1054 1599 1075 ⁶

93 1142 423 1226 reliquere.
462 1139 542 1203 Id
565 1159 757 1203 utrum
779 1142 874 1203 sua
903 1141 1113 1225 sponte
1124 1140 1366 1202 fecerint
1385 1185 1404 1215 ,
1427 1161 1499 1201 an

92 1224 223 1302 quia
255 1222 631 1285 mandatum
665 1224 742 1283 ira
762 1221 934 1283 fuerit
957 1267 976 1297 ‚
999 1243 1117 1284 non
1139 1238 1256 1281 tam
1279 1239 1497 1282 certum

100 1301 184 1362 est
207 1349 228 1378 ‚
258 1303 458 1387 quin-n
503 1303 736 1364 videtur
764 1304 1015 1386 tempori
1056 1319 1252 1384 aptum
1290 1295 1447 1363 fuiss'e
1476 1346 1497 1375 ‚

104 1382 329 1467 integro
373 1386 707 1446 certamine
749 1403 852 1444 eos
890 1382 1154 1466 relinqui.
1196 1381 1352 1444 Nam
1376 1428 1395 1458 ‚
1438 1384 1499 1442 ni
1541 1443 1568 1455 l

103 1463 181 1522 ita
215 1463 404 1539 effet,
441 1485 596 1526 unus
633 1461 829 1546 Scipio
864 1464 962 1525 vel
1000 1463 1210 1525 notitia
1239 1465 1360 1535 rei,
1397 1463 1496 1523 vel

114 1542 456 1606 ausso'ritate
483 1588 505 1616 ,
540 1547 617 1604 ita
657 1545 730 1606 de
753 1543 1006 1626 utrisque
1039 1545 1271 1605 meritus
1290 1588 1309 1620 ,
1332 1541 1497 1603 finire

113 1641 246 1688 nutu
285 1625 779 1709 disceptationem
815 1623 1102 1708 potuiss'et.
1467 1634 1470 1639 '
