2017 3609
344 214 760 352 ιιιφιειῑΙ
825 274 1246 352 xxxa.
1395 274 1488 378 93,

159 408 280 459 §rant
306 401 371 462 δι
409 399 583 461 muiti
622 400 691 461 &
741 396 946 460 deleffl
971 442 991 474 ‚
1025 399 1269 496 gloriam
1311 401 1488 462 etiam
1511 427 1707 475 ,ἐς

165 483 404 564 egregiam
443 482 589 553 rari,
624 479 670 540 si
712 483 882 540 armis
916 485 1110 564 potins
1146 484 1212 545 &
1239 482 1485 559 virtute,
1510 499 1708 547 umu-

163 562 296 641 quam
320 561 611 623 moenibus
632 561 837 621 urbem
857 579 1146 623 tuerentur
1162 600 1183 638 ⁵
1205 562 1491 642 conferti,
1506 549 1602 592 '‘C·
1621 546 1709 600 ¹⁹⁸⁰

156 642 374 723 pluribus
409 640 686 704 introrsus
719 643 1016 703 ordinibus
1049 645 1172 704 acie
1224 643 1447 706 firmata
1463 692 1488 721 ,

158 742 305 803 quum
339 723 757 784 transs'cendere
795 727 980 784 ruinas
1031 722 1317 785 sensissent
1363 725 1494 786 Ro-

158 821 330 864 manos
349 849 369 879 ‚
428 824 489 864 er
511 804 856 887 impeditum
876 826 941 865 ac
977 803 1277 866 difficilem
1301 805 1376 865 ad
1407 826 1498 867 re-

156 902 361 965 ceptum
410 906 587 947 ocum
621 886 983 968 expulerunt.
1017 885 1087 947 Id
1115 885 1315 948 consul
1337 887 1495 970 aegre

159 962 312 1046 paffus
330 1011 349 1042 ,
371 987 477 1028 nec
509 987 643 1028 earn
671 968 1048 1050 ignominiam
1071 967 1144 1029 ad
1174 971 1340 1030 unius
1368 976 1499 1030 rno‘-

159 1046 227 1104 db
246 1049 618 1131 expugnandae
648 1069 874 1110 moram
898 1049 1054 1109 urbis
1073 1093 1093 1123 ‚
1122 1048 1223 1109 sed
1251 1050 1325 1110 ad
1346 1047 1496 1112 sum-

162 1145 295 1186 mam
328 1129 569 1192 univerfi
597 1129 740 1191 belli
778 1131 1066 1210 pertinere
1104 1144 1255 1189 ratus
1276 1175 1300 1204 ‚
1331 1132 1495 1214 quod

167 1227 228 1266 ex
252 1214 537 1273 momentis
571 1231 881 1295 parv-arum
920 1210 1260 1293 plerumque
1301 1232 1495 1275 rerum

169 1290 407 1368 penderet
427 1338 447 1368 ‚
474 1309 721 1375 purgato
763 1291 900 1351 loco
925 1337 946 1367 ‚
981 1293 1083 1374 qui
1118 1290 1299 1376 strage
1324 1290 1497 1354 serni-

177 1370 275 1428 ruti
297 1374 424 1432 muri
449 1375 770 1434 cumulatus
803 1388 925 1432 erat
946 1418 967 1448 ‚
996 1375 1201 1433 turrim
1246 1376 1500 1457 ingentis

181 1448 439 1513 altitudinis
463 1499 484 1529 ‚
519 1475 790 1539 magnam
823 1455 950 1514 vim
974 1473 1325 1516 armatorum
1359 1456 1501 1517 mul·
1574 1472 1579 1478 ’
1676 1495 1685 1503 -

182 1528 325 1609 tiplici
358 1534 605 1597 tabulato
649 1551 977 1619 portantem
1001 1581 1023 1611 ‚
1059 1536 1397 1619 promovit;
1432 1538 1501 1598 &

179 1611 400 1675 cohortes
421 1618 481 1677 in
501 1621 701 1679 vicem
723 1614 824 1676 sub
849 1615 1018 1698 signis
1036 1658 1056 1690 ,
1086 1636 1215 1697 quae
1251 1636 1502 1677 cuneum

184 1685 528 1757 Macedonum
562 1696 956 1781 (phalangem
1000 1693 1108 1778 ipsi
1148 1695 1409 1778 vocant)
1456 1695 1503 1757 fi

184 1772 364 1850 possent
382 1823 399 1853 ‚
424 1781 486 1841 vi
519 1794 961 1860 perrumperent
981 1816 1002 1852 ‚
1032 1776 1347 1855 emittebat.
1381 1776 1502 1838 Sed

185 1852 245 1910 ad
273 1855 385 1917 loca
410 1857 637 1956 angusta
654 1903 675 1933 ,
700 1858 854 1919 haud
906 1858 1019 1919 late
1059 1875 1293 1941 patente
1323 1860 1501 1921 inter-

185 1932 315 1995 vallo
344 1939 498 2001 diruti
524 1943 675 2002 muri
699 1985 719 2017 ,
744 1960 926 2023 genus
947 1961 1241 2001 armorum
1268 1960 1503 2024 pugnae·

187 2031 284 2092 que
305 2015 432 2080 hosti
459 2024 647 2106 aptius
685 2039 808 2082 erat
840 2045 855 2083 ε
895 2022 993 2082 ubi
1039 2019 1287 2082 conferti
1316 2020 1503 2082 hastas

190 2091 395 2174 ingentis
432 2100 798 2187 longitudinis
851 2120 972 2184 prae
1022 2100 1079 2162 se
1142 2099 1506 2171 Macedones

189 2172 503 2260 objeciffent,
531 2182 696 2246 velut
729 2186 791 2242 in
819 2181 1202 2243 construetam
1225 2179 1507 2244 denfitate

193 2254 483 2338 clypeorum
517 2263 868 2327 testudinem
915 2263 1165 2324 Romani
1256 2262 1345 2323 ilis
1397 2284 1506 2326 ne·-

194 2338 455 2473 ffifidquam
488 2343 697 2407 emiffis
719 2388 739 2417 ‚
770 2365 950 2482 guum
994 2283 1332 2405 strinxiifent
1377 2346 1506 2428 gla-

226 2437 298 2509 ‚⁰⁵
315 2466 332 2494 ‚
349 2445 522 2509 neque
550 2445 766 2509 congre
811 2426 1086 2507 ipropius
1102 2463 1125 2497 ,
1149 2444 1336 2507 neque
1357 2447 1506 2507 prae·

201 2497 351 2561 tulere
381 2506 551 2568 hastas
630 2521 854 2567 oterant
884 2526 905 2581 3
936 2505 1001 2566 &
1039 2503 1080 2563 fi
1110 2525 1248 2586 quas
1277 2506 1506 2568 incidis·

207 2571 426 2665 {entant
456 2530 864 2672 praegegissent
882 2630 903 2660 ‚
932 2583 1148 2646 hastilia
1180 2584 1508 2670 fragmento

209 2655 303 2732 lpso
323 2683 471 2729 acuto
488 2712 511 2742 ,
541 2672 689 2728 inter
722 2668 934 2750 spicula
963 2670 1308 2751 integrarum
1332 2668 1513 2730 hasta·

210 2750 340 2816 mm,
360 2748 510 2811 velut
537 2749 1120 2833 vallumexplebant.
1159 2746 1259 2810 Ad
1295 2749 1408 2810 hoc
1444 2752 1512 2812 δε.

206 2823 323 2880 muri
339 2844 454 2907 pars
483 2830 670 2891 adhuc
684 2832 902 2914 integra
919 2875 940 2905 ‚
962 2848 1202 2912 utraque
1224 2846 1344 2889 tuta
1366 2851 1512 2911 prae·

205 2890 341 2966 Μαι
362 2907 574 2991 lateran
603 2932 713 2978 nec
742 2933 817 2978 ex
845 2912 1031 2996 bago
1065 2910 1377 3069 spaffiiqjaut
1414 2927 1516 2981 cen

1233 3011 1254 3047 1
