2017 3609
240 200 684 270 LIBER
782 199 1171 269 XXXV.
1290 196 1427 295 287

69 314 108 373 is
141 311 563 376 sermonibus
608 313 1048 377 celebrabantur
1077 337 1097 390 ;
1135 317 1200 380 δι.
1237 329 1429 377 tenta·
1449 343 1642 376 ξιξ

69 412 148 455 rat
173 439 193 468 ,
221 399 550 479 quoniam
590 395 823 456 bellum
849 399 1051 478 ingens
1084 399 1143 457 in
1184 399 1428 481 provin·
1450 398 1640 450 U&550-

69 500 79 533 ι
118 474 434 537 exarsisset
457 521 482 549 ,
528 478 612 538 ὅτ,
648 479 879 560 exiguas
917 477 1176 561 reliquias
1210 481 1427 539 exerci-
1627 472 1643 488 ‘

69 556 182 616 sab
219 556 375 619 Sex.
417 555 523 617 Di
576 559 688 619 itio
712 602 732 631 ‚
773 574 943 640 atque
984 579 1082 619 eas
1116 558 1262 640 ipsas
1299 554 1426 642 ple·-
1463 566 1470 572 '

69 658 97 694 s
123 640 377 718 pavoris
419 659 500 699 ac
529 579 705 721 {ugae
726 684 745 713 ,
777 656 1111 721 accepturus
1150 638 1285 702 effet
1307 683 1326 713 ‚
1360 657 1425 701 ut

69 738 173 778 iam
208 717 328 780 fibi
370 740 458 779 ex
501 717 752 780 urbanis
787 721 1114 801 legionibus
1156 720 1433 781 decerne-

70 816 132 859 :nt
165 821 184 874 ;
223 798 305 860 ad
347 822 563 882 quam
608 821 788 883 quum
821 802 1069 862 militem
1106 803 1179 862 ab
1214 800 1271 862 se
1304 799 1431 881 ipso

71 880 278 961 riptum
317 902 400 941 ex
426 879 938 961 senatusconsulto
974 880 1267 961 adjecisset
1285 925 1303 954 ,
1328 882 1431 943 eli-

69 976 172 1020 eret
207 982 280 1022 ex
310 964 501 1022 omni
541 983 794 1023 numero
833 960 927 1025 sex
954 964 1131 1024 millia
1158 966 1223 1027 δι
1253 965 1425 1045 quin-

69 1057 213 1101 entos
242 1044 553 1124 pedites»,
596 1045 660 1104 &
705 1046 924 1126 equites
968 1062 1283 1106 trecentos.
1333 1044 1429 1104 Ed

69 1120 296 1202 'elegione
321 1123 522 1206 (nam
546 1127 609 1185 in
628 1127 759 1185 Sex.
785 1128 996 1206 Digitii
1016 1127 1251 1186 exercitu
1276 1126 1431 1185 haud

69 1202 242 1264 tultum
248 1202 380 1285 spei
411 1203 577 1286 ff»)
605 1227 709 1265 rem
725 1207 1001 1287 gesturum.
1036 1204 1303 1267 Seniores
1324 1226 1436 1266 ηε-Δ

69 1301 190 1358 pte,
220 1286 325 1346 Ad
356 1309 655 1359 rumores,
685 1309 722 1345 a
745 1288 982 1366 privatis
1016 1305 1197 1347 temere
1225 1289 1283 1348 in
1363 1309 1419 1346 α-

69 1363 162 1450 {am
185 1369 617 1450 magistratuum
651 1367 898 1445 confiHos
911 1411 935 1440 ,
954 1307 1420 1448 finatufionstgta

69 1445 279 1505 ‘acienda
310 1446 419 1528 eſj'e
464 1471 484 1508 .·
515 1447 639 1525 nisi
666 1450 813 1528 quod
822 1467 932 1522 aut
951 1467 1198 1530 praetores
1220 1472 1288 1509 ex
1299 1470 1420 1529 pro-

69 1523 235 1584 vinciis
256 1526 571 1607 fieriberent
587 1573 611 1600 ,
658 1546 757 1588 aut
808 1530 975 1611 legati
1018 1532 1376 1590 renuntiarent
1397 1572 1418 1602 ‚

69 1604 184 1664 nihil
194 1626 369 1671 ratum
402 1611 609 1671 lzaben’
627 1611 820 1671 debere.
846 1613 914 1670 Si
935 1613 1195 1671 tumultus
1210 1612 1271 1668 ἱη
1287 1607 1428 1684 His-

70 1687 214 1759 pania
236 1688 356 1768 effet
373 1736 397 1764 ,
410 1693 640 1775 placere
658 1736 681 1762 ,
703 1692 1086 1751 tumultuarios
1104 1692 1304 1749 milites
1330 1709 1427 1745 ex-

75 1779 142 1822 tra
173 1768 394 1831 Italiam
419 1772 604 1852 scribi
638 1788 926 1850 apraetore.
965 1768 1135 1829 Mens
1176 1789 1245 1829 ea
1268 1765 1428 1826 sena-

76 1842 152 1902 tiis
180 1845 316 1927 fuit,
349 1871 414 1914 ut
435 1857 498 1913 in
536 1849 812 1932 Hispania
838 1848 1186 1911 tumultuarii
1216 1847 1427 1907 milites

86 1921 389 2006 legerentur.
422 1928 706 1993 Valerius
740 1931 943 1991 Antias
988 1930 1139 1992 &in
1175 1928 1427 1990 Siciliam

86 2008 332 2096 nffvigass‘e
363 2011 630 2075 delefflis
653 2012 820 2073 causa
842 2010 914 2074 C.
941 2011 1282 2073 Flaminium
1307 2009 1433 2070 scri·

92 2080 297 2161 b1t3&
340 2115 416 2155 ex
468 2093 663 2155 Sicilia
711 2092 1043 2175 Hispaniam
1086 2108 1378 2174 petentem
1411 2134 1433 2164 ,

97 2170 395 2256 tQpestate
432 2178 496 2236 in
524 2173 787 2235 Africam
815 2173 1067 2234 delatum
1087 2218 1106 2246 ‚
1130 2192 1311 2253 vagos
1335 2172 1435 2230 mi-

98 2241 206 2307 lites
245 2252 315 2314 de
366 2258 637 2317 exercitu
681 2253 746 2314 P.
776 2252 1036 2314 Africani
1084 2252 1437 2313 sacramento

106 2328 319 2409 rogass'e:
357 2335 448 2396 his
473 2337 717 2396 duarum
754 2335 1182 2416 provinciarum
1212 2330 1438 2391 dele&-

105 2401 189 2467 bus
216 2416 445 2478 tertium
476 2420 539 2477 in
584 2413 857 2495 Hispania
891 2412 1173 2495 adjecisse.

173 2486 265 2553 Ill.
295 2494 426 2558 Nec
457 2499 522 2556 in
559 2494 721 2556 Italia
757 2493 978 2578 segnius
1010 2494 1286 2576 Ligurum
1315 2492 1437 2566 bel·
1485 2512 1564 2576 ιζ..
1584 2514 1657 2554 ιε.

113 2560 207 2628 lum
231 2576 531 2638 crescebat.
573 2574 724 2638 Pisas
757 2574 872 2655 jam
908 2575 1274 2656 quadraginta
1308 2574 1437 2634 mil·-
1452 2577 1585 2616 μ’*

116 2642 181 2737 li}
195 2650 486 2718 hominum
506 2704 527 2734 ,
563 2654 833 2719 affluente
877 2656 1137 2740 quotidie
1182 2655 1444 2716 multitu·-

125 2722 229 2790 dme
259 2734 327 2794 ad
347 2736 557 2799 famam
589 2737 729 2799 belli
752 2737 1027 2822 spemque
1063 2736 1269 2821 praedae
1288 2780 1308 2809 ,
1331 2738 1446 2795 cir·-

121 2811 505 2883 cumsedebant.
560 2817 851 2882 Minucius
902 2817 1101 2884 consul
1145 2817 1446 2879 Arretium'
