2017 3609
521 258 671 332 5100
921 242 1001 315 T.
1099 244 1519 313 Ltrtt

298 378 503 433 εει.
525 361 816 436 dendum,
848 374 947 423 aut
980 361 1236 442 impetus
1264 358 1557 422 faciendus
1577 373 1704 421 erat
1726 378 1748 435 3
1772 368 1886 442 quae
1950 362 1958 390 ³

301 446 498 504 Umm-
523 465 616 507 res
644 441 872 506 turbare
912 441 1149 503 ordines
1197 438 1363 504 solet.
1417 439 1673 504 Acceffit
1724 444 1882 503 etiam

297 501 494 581 ‘'csm'
519 524 761 588 fortuita
790 546 882 586 res
920 524 993 584 ad
1025 525 1250 584 animos
1290 543 1493 585 eorum
1529 522 1837 585 firmandos
1866 538 1883 584 ε
1954 519 1958 575 T

520 628 660 670 nam
690 627 871 689 quum
892 607 1059 664 turris
1080 625 1184 687 per
1215 624 1488 687 aggerem
1519 626 1724 686 parum
1760 604 1881 664 den-

520 688 626 750 sati
674 687 780 749 soli
848 702 1155 768 ageretur,
1200 701 1327 744 rota
1370 707 1484 746 una
1529 688 1591 744 in
1635 686 1880 747 altiorem
1954 704 1958 715 ⁴

524 771 775 830 orbitam
812 763 1070 849 depressa
1096 769 1173 826 ita
1214 766 1419 826 turrim
1453 766 1788 841 inclinavit,
1827 781 1879 828 ut

523 850 778 934 speciem
824 849 1040 908 ruentis
1078 843 1336 907 hostibus
1356 892 1376 921 ,
1427 848 1880 932 trepidationem·
1950 848 1958 925 ἶ

511 951 638 1012 ‘que
677 927 926 990 insanam
970 923 1419 1009 superstantibus
1471 931 1706 991 armatis
1752 949 1879 1014 prae-

519 1010 731 1071 buerit.
1956 1028 1957 1037 ¹

602 1089 830 1153 XVIII.
866 1087 1076 1170 Quum
1108 1109 1312 1172 parum
1348 1085 1668 1175 quidquam
1712 1090 1878 1152 succe·
1952 1084 1958 1119 ³

515 1167 691 1235 ‘deret
713 1215 733 1247 ,
765 1170 963 1233 consul
1002 1172 1243 1232 minime
1282 1194 1452 1255 aequo
1499 1176 1700 1235 animo
1738 1193 1874 1233 com-

520 1256 883 1336 parationem
923 1252 1173 1313 militum
1216 1256 1443 1334 generis
1488 1272 1874 1336 armorumque

354 1354 504 1416 &01⁸5
527 1333 653 1396 fieri
685 1335 1001 1416 patiebatur
1022 1354 1041 1408 3
1060 1331 1226 1394 simul
1259 1353 1365 1394 nec
1400 1352 1684 1395 maturam
1715 1354 1873 1416 expu-

295 1406 506 1511 '‘aad“
568 1416 741 1476 nandi
769 1413 966 1497 spem,
1002 1434 1112 1474 nec
1145 1412 1427 1475 rationem
1465 1417 1677 1498 procul
1699 1438 1730 1476 a
1752 1415 1871 1475 mari

630 1499 691 1557 in
728 1494 994 1559 evastatis
1034 1493 1175 1555 belli
1213 1496 1474 1556 cladibus
1521 1497 1671 1558 locis
1708 1497 1876 1556 hiber-

523 1578 701 1640 nandi
730 1577 904 1639 ullam
940 1575 1250 1637 cernebat:
1281 1578 1358 1637 ita
1401 1599 1475 1638 ue
1516 1577 1716 1641 relicH
1747 1573 1870 1638 obfi-

525 1660 702 1721 dione
721 1705 741 1735 ‚
762 1660 893 1742 quia
921 1657 1111 1717 nullus
1134 1660 1193 1717 in
1217 1674 1342 1720 tota
1363 1598 1705 1720 acarnania:
1728 1675 1872 1739 atque

525 1741 764 1811 AEtoliae
778 1761 881 1801 ora
898 1756 1100 1822 portus
1122 1756 1245 1800 erat
1260 1783 1280 1815 ,
1304 1742 1403 1821 qui
1422 1738 1593 1802 fimul
1609 1743 1676 1803 &
1694 1757 1870 1801 omnes

527 1822 816 1882 onerarias
840 1867 860 1896 ‚
882 1842 1010 1902 quae
1033 1838 1422 1882 commeatum
1461 1814 1737 1883 exercitui
1755 1839 1872 1903 por-

523 1901 756 1974 tabant,
800 1917 1037 1983 caperet
1055 1945 1075 1975 ‚
1106 1903 1173 1962 &
1197 1901 1346 1961 tecta
1378 1902 1450 1961 ad
1476 1901 1871 1963 hibernandum

318 1995 513 2043 rancun
528 1980 853 2066 legionibus
873 1980 1184 2061 praeberet,
1205 1978 1490 2064 Anticyra
1516 1985 1576 2042 in
1599 1981 1834 2047 Phocide
1851 2021 1869 2053 ,

305 2050 510 2154 2⁸32ss
528 2064 590 2125 in
625 2061 996 2126 Corinthium
1027 2058 1191 2123 versa
1229 2060 1412 2124 finum
1435 2107 1455 2136 ,
1486 2064 1561 2124 ad
1587 2065 1651 2126 id
1685 2086 1721 2125 o
1798 2081 1870 2121 or·

526 2142 811 2206 tuniffime
843 2141 949 2203 sita
980 2139 1103 2204 visa
1128 2145 1303 2225 3quia
1335 2165 1444 2204 nec
1487 2145 1694 2227 procul
1770 2137 1872 2203 hes·

528 2225 663 2287 salia
695 2222 1065 2305 hostiumque
1098 2224 1241 2285 locis
1279 2224 1547 2302 abibant,
1580 2229 1647 2289 &
1677 2246 1743 2287 ex
1780 2221 1875 2281 ad-

525 2303 695 2368 verso
734 2302 1195 2445 Pelossonnesum
1243 2308 1451 2387 exiguo
1493 2308 1675 2391 magis
1709 2304 1870 2389 spatio

527 2383 771 2448 divisam
790 2429 810 2459 ,
968 2401 1138 2468 tergo
1178 2385 1451 2446 AEtoliam
1495 2387 1871 2450 Acarnaniam·

526 2486 681 2547 que,
714 2467 786 2526 ab
830 2464 1099 2527 lateribus
1144 2464 1457 2529 Locridem
1487 2490 1556 2529 ac
1603 2469 1871 2531 Boeotiam

524 2546 833 2606 habebant.
866 2544 1139 2606 Phocidis
1179 2551 1365 2627 primo
1409 2551 1631 2631 impetu
1674 2549 1872 2611 Phano-

526 2643 682 2687 team
715 2624 833 2684 fine
871 2628 1177 2686 certamine
1209 2647 1276 2687 ce
1319 2630 1382 2689 it.
1410 2628 1698 2712 Anticyra
1733 2622 1870 2688 haud

527 2706 776 2768 multum
830 2706 890 2764 in
942 2727 981 2766 o
1026 2727 1104 2787 pu
1143 2727 1253 2765 nan
1297 2731 1335 2768 o
1438 2709 1643 2772 raebuit
1687 2726 1871 2772 morae·

530 2783 859 2867 Ambrysus
910 2786 969 2845 in
1014 2806 1047 2847 e
1105 2725 1388 2871 fiyampo
1414 2787 1570 2871 ‘sque
1621 2790 1873 2871 receptae.

501 2865 738 2928 'Daulis
761 2909 782 2942 ,
818 2868 952 2950 quia
979 2868 1040 2930 in
1080 2870 1307 2931 tumulo
1348 2870 1573 2935 excelso
1602 2870 1710 2951 ¹sita
1740 2865 1873 2946 cst,
