2017 3609
696 396 1110 468 LIBER
1222 396 1683 471 XXXII.

573 525 687 608 Γ

282 652 322 693 U
499 592 550 655 1.
580 609 690 656 Q..)
714 613 1043 658 ONSULES
1132 595 1489 679 raetoresque
1544 619 1720 680 quum
1760 598 1865 659 Idi-

279 667 480 757 ..ἕῖἶζξζ
501 677 610 737 bus
645 675 870 739 Martiis
908 680 1060 759 magi
1111 695 1295 737 ratum
1329 677 1561 738 iniss'ent
1587 724 1608 753 ,
1639 682 1863 761 provin·-

280 754 484 842 „500⁰”
503 761 616 819 cias
650 758 829 819 sortiti
870 756 1010 818 sunt.
1051 757 1119 818 L.
1158 757 1448 820 Cornelio
1485 759 1729 819 Lentulo
1769 758 1864 819 Ita-

279 849 329 890 P.
349 830 481 893 Villio
501 839 573 900 lia
594 885 615 914 ,
663 839 726 901 Ρ.
763 837 943 899 Villio
989 836 1346 899 Macedonia
1395 863 1417 915 3
1473 840 1805 922 praetoribus
1838 881 1857 911 ,

279 899 480 990 Cssfo‘m-
498 920 564 982 L.
667 920 845 979 uintio
870 916 1109 991 urbana,
1135 916 1247 979 Cn.
1276 918 1485 980 Baebio
1505 919 1821 980 Ariminum
1836 963 1855 993 ‚

279 1000 363 1039 ‘²⁴⁶
494 1000 562 1062 L.
663 999 843 1059 alerio
878 996 1103 1073 Sicilia,
1127 999 1197 1060 L.
1229 999 1422 1061 Villio
1459 999 1716 1061 Sardinia
1740 1019 1860 1062 eve·

491 1084 598 1142 nit.
623 1080 897 1141 Lentulus
917 1079 1118 1140 consul
1137 1100 1320 1143 novas
1342 1082 1612 1178 lefflfpnes
1634 1080 1855 1141 scribere

491 1159 667 1244 juffus
701 1184 722 1237 3
756 1162 969 1222 Villius
993 1182 1028 1219 a
1046 1159 1107 1220 P.
1133 1160 1396 1243 Sulpicio
1437 1162 1753 1223 exercitum
1779 1181 1857 1219 ac-

491 1245 687 1324 cipere
725 1266 741 1303 :
781 1244 840 1301 in
868 1241 1334 1322 supplementum
1374 1241 1503 1324 ejus
1528 1289 1549 1318 ,
1602 1257 1852 1325 quantum

492 1318 742 1384 militum
783 1322 1077 1384 videretur
1096 1368 1116 1396 ‚
1148 1340 1212 1382 ut
1243 1323 1558 1399 scriberet,
1602 1322 1704 1406 ipfi
1738 1340 1852 1403 per·

492 1401 741 1465 miffutn.
769 1403 1004 1463 Praetori
1040 1402 1240 1464 Baebio
1274 1404 1579 1487 legiones,
1617 1424 1749 1486 quas
1787 1398 1847 1459 C.

495 1485 770 1547 Aurelius
802 1483 1001 1546 consul
1031 1482 1305 1545 habuiss'et
1335 1522 1370 1558 ‚<
1391 1487 1475 1547 ita
1510 1485 1777 1555 decretae,
1797 1495 1850 1539 ut

493 1567 772 1627 retineret
789 1586 883 1626 eas
899 1609 919 1637 ‚
939 1565 1125 1627 donec
1146 1563 1343 1626 consul
1365 1585 1537 1627 novo
1561 1583 1692 1626 cum
1709 1580 1851 1622 exer·

498 1649 620 1709 citu
659 1646 987 1718 succederet
1027 1647 1139 1706 z'in
1166 1643 1427 1706 Galliam
1465 1646 1569 1706 ubi
1606 1649 1653 1705 is
1686 1638 1853 1706 venis-

495 1728 584 1789 set
607 1745 629 1799 ,·
669 1749 872 1788 omnes
898 1727 1112 1789 milites
1143 1726 1494 1787 exauctorati
1522 1727 1756 1787 domum
1778 1722 1851 1782 di-

498 1811 863 1870 mitterentur
881 1853 900 1883 ,
917 1820 1128 1891 p‘raeter
1146 1810 1398 1889 quinque
1419 1809 1600 1869 millia
1618 1804 1845 1867 socifim:

496 1888 589 1948 his
609 1888 851 1948 obtineri
880 1892 1029 1948 circa
1058 1887 1388 1949 Ariminum
1408 1889 1767 1970 provinciam
1787 1880 1849 1942 sa·

497 1970 573 2028 tis
596 1966 728 2029 effe.
747 1967 1066 2049 Prorogato
1082 1970 1326 2049 imperio
1350 1969 1691 2050 praetoribus
1708 1966 1846 2048 prio·-

497 2052 579 2109 ris
605 2049 737 2108 anni
770 2046 928 2131 (Cn.
958 2047 1160 2130 Sergio
1181 2093 1200 2122 ‚
1234 2065 1298 2108 ut
1327 2050 1604 2112 militibus
1624 2095 1643 2125 ‚
1673 2047 1764 2130 qui
1792 2045 1845 2102 in

498 2128 615 2190 His
646 2130 815 2201 ania,
856 2127 1088 2204 Sicilia,
1127 2126 1383 2190 Sardinia
1432 2131 1712 2214 stipendia
1755 2141 1844 2207 per

498 2152 716 2274 mulios
742 2231 923 2270 annos
945 2208 1200 2270 fecissent
1215 2255 1235 2283 ‚
1259 2230 1458 2292 agrum
1479 2206 1843 2295 affignandum

500 2305 726 2350 curaret
754 2310 775 2363 ;
806 2289 895 2369 Q.
937 2290 1201 2351 Minucio
1223 2336 1244 2363 ,
1270 2309 1332 2351 ut
1360 2294 1420 2350 in
1453 2293 1685 2354 Bruttiis
1705 2287 1844 2349 idem

501 2370 579 2429 de
611 2367 1100 2450 conjurationibus
1134 2370 1473 2454 quaestiones
1495 2420 1515 2448 ‚
1549 2394 1687 2456 quas
1713 2384 1844 2450 prae-

501 2467 599 2510 tor
622 2472 754 2511 cum
789 2449 906 2512 fide
940 2473 1189 2535 curaque
1221 2453 1557 2515 exercuisset
1576 2499 1596 2528 ,
1616 2447 1843 2535 perfice-

500 2547 628 2605 ret,
659 2532 725 2591 δι
748 2551 885 2606 eoS,
915 2554 1062 2614 quos
1107 2532 1379 2615 sacrilegii
1429 2549 1754 2616 compertos
1787 2527 1840 2584 in

501 2612 744 2672 vinculis
769 2610 1022 2673 Romam
1059 2610 1286 2673 mifiss'et
1307 2658 1325 2687 ‚
1362 2613 1582 2676 Locros
1610 2615 1867 2688 mitteret*

502 2691 576 2750 ad
608 2691 944 2773 supplicium
967 2737 987 2765 ,
1019 2712 1260 2774 quaeque
1292 2691 1505 2754 sublata
1521 2716 1590 2755 ex
1615 2688 1841 2753 delubro

499 2771 854 2854 Proserpinae
898 2772 1075 2833 effent
1092 2818 1112 2849 ,
1139 2775 1478 2855 reponenda*
1498 2795 1630 2836 cum
1660 2774 1843 2855 piacu-

501 2850 572 2916 lis
614 2851 884 2937 curaret)
915 2852 1071 2916 feriae
1113 2854 1325 2919 Latinae
1378 2855 1714 2939 pontificum
1744 2847 1841 2914 de·⁴
