2017 3609
336 252 721 349 Lmn
821 279 1268 349 XXXIV.
1355 286 1483 370 271

93 388 231 451 ante
279 410 365 453 ex
404 393 723 456 multaticio
765 410 1001 476 argento
1040 393 1363 454 faciendam
1405 391 1493 453 lo·
1517 408 1711 447 εε--ει

96 489 299 534 carant
321 519 347 548 ‚
392 473 471 537 C.
504 473 836 536 Scribonius
888 476 954 536 δι
994 472 1107 536 Cn.
1145 473 1441 535 Domitius
1473 470 1719 569 3232}-

105 555 203 691 gui
218 573 454 636 praetor
469 556 716 617 urbanus
736 575 868 616 eam
887 555 1199 615 dedicavit.
1216 554 1288 616 Et
1304 555 1501 616 aedem.

150 651 387 697 ortunae
412 636 773 719 Primigeniae
798 639 857 696 in
893 638 1047 697 colle
1082 635 1372 715 Quirinali
1395 637 1494 696 de·

105 711 327 777 dicavit
358 716 456 797 Q.
492 718 747 780 Marcius
780 717 944 778 Ralla
965 761 984 791 ‚
1024 718 1295 778 duumvir
1327 716 1398 775 ad
1436 716 1497 776 id

109 792 294 874 ipsum
329 817 568 860 creatus
598 820 612 859 τ
640 816 888 860 voverat
924 820 1050 859 eam
1095 798 1304 858 decem
1333 798 1497 856 annis

112 877 236 936 ante
269 877 506 942 Punico
535 880 693 942 bello
720 879 784 941 P.
807 878 1183 961 Sempronius
1217 877 1446 961 Sophus
1471 898 1495 951 ζ,

114 954 419 1020 locaverat
449 962 608 1021 idem
650 960 870 1022 censor.
905 960 978 1022 Et
1014 964 1073 1021 in
1116 959 1294 1020 insula
1331 959 1497 1021 Iovis

112 1037 299 1099 aedem
353 1038 437 1102 C.
486 1039 761 1103 Servilius
819 1042 1089 1102 duumvir
1147 1042 1444 1101 dedicavit
1473 1060 1494 1099 t

114 1135 250 1179 vota
287 1138 422 1182 erat
444 1120 560 1182 ·sex
593 1123 752 1190 annis
794 1123 923 1183 ante
956 1120 1187 1183 Gallico
1221 1121 1382 1182 bello
1422 1118 1494 1193 ab

116 1196 179 1260 L.
206 1200 396 1264 Furio
434 1202 808 1282 Purpureone
844 1220 1130 1284 praetore3
1159 1201 1233 1261 ab
1278 1202 1492 1262 eodem

117 1279 317 1358 postea
357 1282 598 1344 consule
635 1283 838 1344 locata.
875 1283 1019 1343 Haec
1058 1304 1132 1342 eo
1160 1304 1311 1342 anno
1352 1280 1520 1344 asta..

195 1361 354 1425 LIV.
394 1364 459 1425 Ρ.
495 1362 694 1445 Scipio
732 1384 804 1424 ex
854 1366 1153 1446 provincia
1186 1363 1382 1427 Gallia
1418 1363 1492 1423 ad

123 1443 384 1505 consules
418 1443 811 1526 subrogandos
849 1448 1031 1507 venit.
1068 1444 1325 1506 Comitia
1356 1465 1496 1504 con·
1516 1444 1698 1483 ‘'mm‘-

126 1517 303 1584 sulum
346 1524 556 1598 fuere,
592 1527 799 1608 quibus
846 1528 1023 1587 creati
1069 1525 1194 1586 sunt
1237 1525 1303 1586 L.
1341 1522 1526 1605 Corq

126 1604 304 1666 nelius
346 1606 580 1668 Merula
615 1608 680 1668 &
791 1651 807 1668 .
853 1607 1145 1666 Minucius
1182 1604 1495 1665 Thermus.

127 1681 358 1748 Postero
391 1688 488 1748 die
537 1689 708 1748 creati
776 1704 877 1747 unt
991 1702 1195 1744 aetores
1231 1684 1298 1745 L.
1347 1680 1502 1742 Cor-

132 1766 306 1827 nelius
321 1767 418 1830 Sci
465 1770 524 1828 io
536 1813 556 1842 ,
572 1767 662 1828 M.
676 1767 911 1841 Fulvius
919 1708 1200 1825 mobilior
1218 1809 1240 1838 ‚
1255 1762 1327 1825 C.
1348 1759 1497 1822 Scri·-

130 1843 329 1908 bonius
355 1893 374 1923 ,
409 1791 501 1911 βί.
533 1847 799 1908 Valerius
835 1844 1128 1919 Mess'alla,
1166 1844 1232 1906 L.
1257 1844 1491 1917 Porcius

134 1923 397 2005 Licinus,
433 1930 501 1992 &
537 1926 610 1991 C.
646 1928 967 1990 Flaminius.
1013 1923 1324 2010 Megalesia
1351 1968 1371 1996 ‚
1408 1925 1492 1984 lu·
1518 1931 1698 2021 Rima

137 2005 233 2068 dos
266 2009 529 2071 scenicos
545 2055 564 2084 ‚
591 2006 664 2069 C.
690 2008 902 2071 Atilius
930 2007 1199 2070 Serranus
1215 2051 1234 2080 ‚
1254 2007 1320 2067 L.
1345 2004 1491 2066 Scri-
1518 1994 1702 2079 ,ψιῗῖηὲῗιὶ-

135 2085 331 2151 bonius
368 2091 517 2151 Libo
542 2090 738 2151 aediles
757 2089 980 2152 curules
1015 2091 1183 2171 primi
1211 2087 1488 2147 fecerunt.
1513 2083 1626 2169 2¹23,
1642 2074 1714 2126 s“

140 2165 362 2232 Horum
387 2171 639 2232 aedilium
676 2172 846 2232 ludos
888 2172 1189 2231 Romanos
1243 2168 1651 2263 prhnhmspeezal·
1676 2191 1704 2216 a

139 2245 352 2313 senatus
391 2275 424 2311 a
450 2252 674 2335 populo
707 2251 952 2312 secretus
986 2248 1256 2331 spe&avit
1276 2290 1294 2319 ‚
1344 2267 1492 2326 prae-
1512 2239 1696 2330 fga·-

141 2325 367 2414 buitque
397 2331 685 2393 sermones
720 2330 911 2413 (ficut
927 2333 1118 2390 omnis
1154 2329 1379 2389 novitas
1414 2326 1496 2386 so-

140 2406 250 2495 let)
274 2414 394 2474 aliis
413 2459 433 2489 ,
470 2416 706 2475 Tandem
726 2457 747 2484 ,
779 2414 928 2490 quod
951 2411 1119 2471 multo
1159 2409 1285 2469 ante}
1310 2408 1499 2467 debue-

144 2492 238 2566 rit,
268 2496 523 2555 tributum
553 2491 910 2554 censentibus
943 2490 1255 2571 ampltffimo
1276 2491 1451 2550 ordini
1466 2498 1497 2562 ',·

81 2599 88 2609 ·
145 2570 256 2633 aliis
285 2619 305 2649 ‚
343 2578 606 2655 demptum
647 2595 716 2634 ex
762 2574 1025 2655 dignitate
1058 2571 1250 2654 populi
1275 2615 1296 2642 ,
1344 2573 1500 2650 quid·

145 2656 268 2730 quid
296 2655 559 2738 majestati
589 2657 818 2716 Patrum
849 2652 1107 2735 adjet‘lum
1143 2648 1264 2730 effit
1281 2697 1303 2724 ,
1332 2652 1500 2711 inter-

142 2738 501 2811 pretantibus.
526 2738 607 2797 Et
628 2738 813 2798 o'mnia
838 2734 1147 2815 discrimina
1175 2733 1316 2793 talia
1335 2777 1353 2805 ,
1386 2734 1502 2811 qui·

144 2812 239 2873 bus
268 2820 479 2878 ordines
509 2815 914 2895 disternermtur
924 2863 949 2890 ,
975 2817 1031 2877 6·
1066 2814 1359 2875 concordia
1380 2856 1403 2882 ,
1443 2811 1498 2871 ὃν

145 2891 397 2962 libertatis
425 2919 585 2982 aequae
617 2899 914 2961 minuenda
953 2895 1067 2977 ff.
1093 2895 1227 3035 Md*
1251 2893 1502 2973 quingen·

1201 2993 1265 3035 iv
