2017 3609
516 243 615 346 ‘98
918 246 1524 322 T.L1r11

299 382 502 435 ξιξ-ει
521 369 626 453 pit.
666 363 1123 451 oppidanorum
1170 368 1363 429 omnis
1384 369 1388 374 ’
1410 364 1722 429 multitudo
1761 384 1874 430 cum
1947 350 1950 369 λ

302 448 498 547 ‘’g-³5⁴·
523 446 864 533 conjugibus
910 471 976 511 ac
1012 449 1208 512 liberis
1256 452 1316 510 in
1354 470 1547 510 arcem
1584 446 1872 533 confugit3
1944 472 1950 533 j

300 515 342 546 ⁸'
385 505 500 558 ‘¹⁹⁸‘
520 531 734 593 deinde
770 533 831 592 in
868 530 1233 593 deditionem
1266 533 1451 593 venit.
1489 530 1750 592 Pecuniae
1787 552 1873 591 au·-
1946 553 1950 559 ’

517 615 685 696 rique
724 614 790 675 &
832 634 893 673 ar
933 615 1050 673 enti
1088 612 1240 673 haud
1276 611 1405 673 sane
1441 613 1691 673 multum
1730 612 1867 672 fuit:

520 693 717 779 signa,
750 633 959 756 tabufie
995 692 1191 776 priscae
1231 695 1363 754 artis
1386 739 1407 769 ,
1440 711 1869 775 ornamentaque
1946 704 1950 721 ²

518 774 643 857 ejus
684 778 909 860 generis
938 775 1104 856 plura
1124 820 1143 848 ‚
1172 774 1346 858 quam
1368 795 1477 856 pro
1504 776 1663 836 urbis
1679 774 1869 859 magni·

517 857 717 919 tudine
744 873 841 917 aut
879 855 1089 937 opibus
1121 858 1328 918 ceteris
1351 900 1371 931 ,
1410 857 1669 919 inventa.
1938 862 1949 937 ζ

321 938 495 992 ‘'vm‘'
598 934 797 999 XVII.
840 933 1126 1018 Carystus
1160 937 1298 998 inde
1344 939 1592 1021 repetita
1639 959 1660 1014 3
1699 936 1871 1011 under·
1940 948 1950 987 f

294 1003 430 1045 “²²‘'
514 1015 842 1103 priusquam
871 1038 903 1078 e
932 1018 1178 1079 navibus
1211 1021 1396 1101 copiae
1428 1036 1864 1101 exponerentur,

514 1102 705 1161 omnis
730 1098 1081 1174 multitudo,
1113 1101 1258 1161 urbe
1295 1098 1557 1174 deserta,
1592 1103 1656 1162 in
1696 1119 1864 1160 arcem
1946 1172 1949 1175 Ἴ

512 1180 795 1265 confugit.
832 1179 979 1242 Inde
1020 1180 1094 1242 ad
1133 1179 1315 1243 fidem
1350 1179 1423 1241 ab
1465 1181 1738 1242 Romano
1776 1201 1861 1262 pe-
1947 1252 1949 1261 A

510 1263 749 1323 tendam
767 1278 1028 1323 oratores
1048 1263 1313 1324 mittunt:
1336 1285 1374 1323 o
1419 1263 1649 1344 pidanis
1675 1279 1861 1322 extem·
1948 1274 1949 1281 ’

510 1344 614 1427 plo
656 1346 779 1405 vita
806 1365 870 1405 ac
904 1344 1135 1404 libertas
1159 1364 1340 1404 conce
1386 1366 1419 1403 a
1457 1343 1539 1404 est
1564 1367 1584 1419 3
1608 1342 1860 1404 Macedo-

510 1426 678 1486 nibus
699 1425 918 1486 treceni
947 1427 1170 1486 nummi
1196 1427 1256 1484 in
1283 1426 1474 1506 capita
1507 1423 1770 1486 statutum
1793 1418 1857 1482 est

555 1504 765 1568 retium
785 1549 805 1580 ,
835 1506 901 1569 δι
937 1523 1000 1567 ut
1033 1507 1204 1566 armis
1228 1506 1452 1567 traditis
1484 1505 1723 1566 abirent.
1753 1501 1857 1563 Hac

508 1527 736 1650 Fumma
763 1588 1047 1670 redempti
1064 1634 1085 1665 ‚
1102 1588 1162 1647 in
1185 1585 1476 1648 Boeotiam
1497 1589 1745 1648 inermes
1760 1601 1857 1644 tra·

506 1665 660 1751 jeffl.
695 1668 949 1730 Navales
985 1671 1169 1751 copiae
1193 1713 1213 1742 ,
1249 1667 1469 1729 duabus
1513 1666 1683 1751 claris
1727 1664 1857 1727 urbi·

507 1749 619 1812 bus
648 1749 886 1811 Euboeae
917 1752 1064 1811 intra
1094 1751 1218 1811 dies
1245 1771 1463 1841 paucos
1502 1752 1688 1833 captis
1716 1794 1735 1824 ,
1770 1747 1856 1806 cir·

505 1829 1090 1910 cumveEtae-Sunium
1109 1832 1320 1893 Atticae
1348 1848 1514 1892 terrae
1544 1843 1856 1912 promonto-

505 1912 695 1984 rium,
727 1908 1057 1972 Cenchreas
1083 1910 1524 1974 Corinthiorum
1555 1933 1652 1972 em
1697 1912 1855 1972 orium

333 2013 472 2055 'Atrax
507 1992 814 2074 petierunt.
835 1988 1056 2052 Consul
1077 1992 1310 2053 interim
1328 1995 1597 2055 omnium
1655 2015 1730 2076 pe
1748 1991 1854 2050 lon·

282 2068 468 2154 {3222ss
505 2075 737 2215 {iorem
772 2074 1234 2156 atrocioremque
1269 2077 1759 2158 oppugnationem
1774 2070 1855 2129 ha·

278 2161 467 2211 sandicus.
549 2157 631 2216 uit
657 2178 678 2231 3
709 2157 775 2218 &
825 2153 930 2228 ea,
975 2154 1090 2236 qua
1145 2156 1454 2216 minimum
1503 2150 1812 2216 credidiss‘et
1832 2190 1854 2222 ,

506 2234 837 2296 resistebant
870 2234 1065 2296 hostes
1096 2257 1111 2295 :
1145 2258 1281 2296 nam
1327 2257 1568 2297 omnem
1620 2236 1853 2297 laborem

504 2315 565 2376 in
599 2337 767 2378 muro
802 2316 1088 2377 diruendo
1109 2316 1433 2377 crediderat
1463 2317 1594 2379 fore
1634 2340 1655 2396 3
1680 2316 1719 2378 fi
1748 2312 1852 2374 adi-

498 2413 632 2456 tum
659 2400 887 2458 armatis
916 2398 977 2457 in
1015 2398 1222 2460 urbem
1257 2397 1611 2481 patefecisset
1628 2444 1649 2474 ,
1682 2397 1850 2480 fugam

500 2477 637 2538 inde
673 2478 1009 2561 caedemque
1044 2478 1297 2540 hostium
1323 2479 1486 2554 fore,
1521 2480 1704 2564 qualis
1738 2494 1850 2555 cap·

498 2560 574 2619 tis
601 2558 832 2620 urbibus
867 2559 993 2620 fieri
1022 2558 1169 2621 solet
1196 2582 1210 2620 z
1239 2579 1502 2621 ceterum
1531 2559 1847 2644 postquam,

499 2657 663 2722 parte
682 2641 831 2698 muri
864 2640 1137 2701 arietibus
1170 2639 1432 2716 decussa,
1461 2662 1568 2724 per
1584 2640 1728 2724 ipsas
1750 2636 1850 2701 ruit

498 2740 600 2779 nas
637 2717 1124 2799 transscenderunt
1145 2722 1205 2780 i'n
1238 2723 1443 2784 urbem
1466 2725 1695 2797 armati,
1724 2712 1849 2795 illud

497 2801 844 2885 principium
878 2799 1039 2863 velut
1067 2804 1212 2864 novi
1239 2819 1408 2886 atque
1427 2805 1635 2888 integri
1655 2799 1849 2865 laboris

497 2880 606 2943 fuit
644 2904 658 2944 ε
703 2903 837 2967 nam
883 2880 1243 2949 Macedones
1275 2929 1297 2961 ,
1344 2907 1445 2969 qui
1494 2907 1556 2948 m
1599 2878 1849 2971 praefidie
