2017 3609
456 251 548 309 '22
847 240 1446 310 T.L1r11

239 361 432 412 k=
453 354 529 414 dii
564 354 747 437 prope
785 353 892 436 ipfi
927 357 1102 418 exciti
1139 354 1364 419 sedibus
1397 357 1505 418 suis
1525 401 1546 431 ,
1575 363 1855 437 excepe-2.

240 429 432 486 U.e.552.
450 452 601 495 runt·

234 481 433 527 ’ὦπα
528 513 667 576 XV.
713 515 783 576 In
832 516 1174 579 contionem
1218 520 1516 601 extemplo
1565 516 1860 618 populus-

446 613 693 659 vocatus
713 642 733 672 ‚
767 615 831 658 ut
862 619 1003 672 rex,
1045 621 1170 681 quae
1199 600 1380 660 vellet
1402 643 1422 672 ‚
1457 616 1658 659 coram
1691 616 1838 679 age-

447 693 574 740 ret:
604 677 815 741 deinde
841 700 913 739 ex
944 679 1219 761 dignitate
1240 683 1419 762 magis
1440 678 1628 740 visum
1646 721 1666 750 ,
1691 677 1842 738 scri-⁴
1893 717 1906 726 -

443 757 586 819 bere
608 780 740 819 eum
757 804 774 833 ,
802 760 874 820 de
903 762 1113 840 quibus
1132 761 1423 822 videretur
1441 805 1459 834 ,
1481 759 1654 841 quam
1672 779 1837 841 prae-

448 837 671 899 sentem
702 858 798 899 aut
831 838 1143 899 referendis
1168 839 1275 900 suis
1303 843 1362 900 in
1397 842 1692 900 civitatem
1722 838 1834 899 be-

446 918 664 979 neficiis
688 917 1022 978 erubescere
1038 963 1058 993 ‚
1079 935 1172 978 aut
1194 918 1696 1001 fignificationibus
1723 942 1836 979 ac-

444 997 886 1059 clamationibus
917 1019 988 1059 ue
1012 999 1422 1074 multitudini5‚
1443 1000 1833 1063 assentatione

441 1078 755 1138 immodica
796 1100 874 1160 pu
917 1099 1082 1139 orem
1130 1083 1438 1142 onerantis·
1488 1080 1556 1141 In
1604 1082 1825 1142 litteris

441 1174 635 1218 autern
655 1203 674 1232 ,
706 1180 834 1240 quae
869 1158 1042 1219 miss'ae
1064 1161 1125 1237 in
1163 1163 1510 1222 concionem
1546 1165 1828 1223 recitatae·

443 1255 558 1318 que
595 1237 760 1311 sunt,
796 1244 1280 1302 commemoratio
1330 1259 1453 1302 erat
1496 1241 1826 1304 beneficio-

440 1338 573 1378 rum
609 1321 860 1401 primiim
904 1324 962 1380 in
990 1324 1287 1382 civitatem
1324 1323 1569 1396 sociam,
1599 1323 1826 1384 deinde

442 1418 638 1459 rerum
658 1445 678 1473 ,
715 1422 854 1481 quas
885 1402 1160 1462 adversus
1182 1402 1508 1486 Philippum
1537 1402 1817 1485 gessiss‘et;

441 1479 519 1540 ad
539 1479 894 1561 postremum
914 1483 1241 1544 adhortatio
1262 1505 1281 1559 3
1301 1482 1678 1566 Capffndum
1700 1486 1822 1544 bel-

441 1561 592 1634 lum,
625 1565 751 1621 dum
781 1561 844 1640 se
868 1609 890 1635 ,
925 1568 1052 1624 dum
1086 1567 1369 1640 Rhodios,
1400 1583 1512 1625 tum
1556 1567 1769 1644 quidem
1791 1612 1818 1639 ,

439 1644 568 1702 dum
596 1645 759 1703 etiam
796 1648 1082 1705 Romanos
1115 1647 1380 1706 haberent.
1420 1648 1818 1726 Nequidquam

432 1726 658 1806 postea,
681 1726 740 1805 fi
774 1742 888 1786 tum
929 1724 1238 1807 ceffaffent,
1277 1725 1671 1808 praetermiffizm
1712 1748 1819 1786 oc-

274 1819 423 1860 Deeer-
444 1807 699 1884 castonem
737 1808 1059 1885 quaefituros.
1110 1806 1325 1869 Rhodii
1384 1808 1592 1870 deinde
1637 1808 1819 1890 legati

223 1870 406 1958 ῗέῗξὴίἷ
444 1885 621 1945 auditi
659 1884 784 1945 sunt
814 1909 834 1960 ;
870 1908 1120 1967 quorum
1164 1909 1365 1949 recens
1414 1906 1533 1950 erat
1584 1886 1820 1949 benefi-

213 1968 281 2018 Β*
318 1969 398 2005 Μ·
443 1967 598 2025 cium
620 2007 641 2038 ‚
679 1967 836 2047 quod
877 1988 1053 2027 naves
1086 1968 1288 2050 longas
1326 1986 1577 2050 quatuor
1617 1967 1815 2031 Athe-

219 2017 301 2054 lum
334 2018 373 2053 ἱιι

221 2062 382 2116 ιιιειερ-
438 2045 715 2106 niensium
741 2091 761 2120 ‚
785 2063 976 2128 captas
1009 2068 1197 2129 nuper
1218 2070 1252 2107 a
1275 2047 1693 2111 Macedonibus
1712 2069 1816 2110 re·-

213 2125 330 2164 ”m'
440 2126 746 2209 cuperatas
775 2148 848 2187 ue
873 2172 892 2203 ‚
942 2128 1292 2190 remiserant.
1334 2129 1537 2212 Itaque
1593 2134 1814 2214 ingenti

439 2205 713 2267 consensu
736 2148 971 2268 (iwellum
1019 2210 1292 2272 adversus
1326 2210 1650 2292 Philippum
1699 2211 1815 2271 de-

438 2303 679 2347 cretum.
710 2287 985 2349 Honores
1018 2293 1138 2371 regi
1209 2293 1416 2350 timum
1453 2293 1655 2353 Attalo
1695 2295 1813 2352 im-

438 2367 692 2440 modici,
729 2367 939 2428 deinde
990 2370 1058 2429 &
1111 2313 1355 2430 Rssodiis
1400 2370 1576 2431 habiti
1615 2393 1630 2431 ε
1674 2390 1802 2434 tum

438 2449 691 2529 primum
720 2451 941 2509 mentio
969 2450 1128 2511 illata
1154 2450 1226 2511 de
1263 2450 1412 2511 tribu
1434 2494 1454 2523 ‚
1487 2473 1661 2533 quam
1684 2452 1802 2514 At·-

434 2528 614 2587 talida
647 2529 1004 2608 appellarent
1024 2576 1048 2601 ,
1082 2530 1154 2590 ad
1189 2531 1394 2590 decem
1429 2547 1657 2591 veteres
1695 2537 1800 2592 tri-

430 2605 540 2666 bus
573 2607 834 2668 addenda
864 2628 884 2680 ;
912 2611 983 2669 &
1015 2610 1376 2670 Rhodiorum
1418 2610 1666 2691 populus
1702 2634 1798 2673 co·

430 2689 577 2747 rona
615 2687 785 2747 aurea
832 2688 1057 2748 virtutis
1093 2690 1268 2771 gratia
1316 2690 1557 2750 donatus
1583 2734 1601 2763 ,
1644 2693 1799 2753 civi-

428 2765 624 2848 tasque
654 2766 898 2827 Rhodiis
922 2767 1052 2828 data
1071 2812 1090 2838 ‚
1116 2770 1607 2849 quemadmodum
1631 2772 1795 2834 Rho-

422 2845 508 2916 dii
545 2849 701 2928 prius
736 2846 1182 2934 Atheniensibus
1233 2849 1527 2917 dederant.
1573 2850 1794 2931 Secun-¹
