2017 3609
431 164 794 252 trem
894 178 1314 252 XXXII.
1429 196 1563 274 109

296 288 474 358 ‘XXIL
527 296 858 359 Secundhm
914 299 1239 359 orationem
1303 297 1565 380 praetoris
1587 318 1787 355 εει-ιι

267 378 461 451 immun·
491 396 680 441 ortum
705 380 950 440 aliorum
983 399 1118 439 cum
1151 375 1569 473 affensunalio-
1589 378 1798 429 Qum.

268 466 354 521 nim
366 460 725 520 inclementer
742 456 1096 521 affentientes
1114 463 1568 542 increpantmm3
1589 424 1792 537 ⁸231}ss

267 534 414 617 &iam
442 560 559 600 non
595 535 799 624 {iuguli
815 543 1068 616 tannim,
1091 539 1189 602 sed
1223 540 1427 623 populi
1446 527 1777 617 unifffff‘fflfi

255 618 370 679 verfi
389 622 528 682 inter
550 618 608 682 se
635 621 1085 683 altercabantur:
1115 640 1240 682 tum
1268 624 1418 682 inter
1446 641 1567 682 ma-

245 696 465 781 gistratus
501 705 687 784 gentis
727 700 1116 786 (Damiurgos
1157 718 1373 763 vocant
1410 724 1424 762 ε
1468 699 1569 763 des

231 788 355 865 ‹c'em
405 803 641 844 numero
693 782 996 865 creantur)
1040 799 1337 844 certamen
1387 780 1571 844 nihilh

243 856 472 943 segnis,
505 863 681 946 quam
713 866 860 925 inter
900 864 1365 936 multitudinem,
1413 861 1524 924 esse
1552 886 1568 926 x

238 943 463 1025 quinque
496 945 775 1006 relaturos
811 942 869 1005 se
900 944 973 1006 de
992 942 1266 1007 societate
1302 944 1574 1006 Romana

237 1022 469 1098 aiebant,
504 1024 944 1108 suffragiumque
979 1026 1212 1088 daturos
1246 1046 1267 1100 3
1315 1027 1573 1110 quinque·

207 1102 260 1164 ·l
385 1123 601 1167 cautum
641 1104 990 1167 testabantur
1017 1150 1037 1179 ‚
1073 1127 1146 1166 ne
1227 1106 1325 1166 uid
1348 1150 1368 1180 ‚
1408 1105 1573 1191 quod

317 1188 485 1247 versits
513 1187 698 1270 Philip
744 1185 1118 1246 isocietatem
1156 1206 1188 1248 e
1232 1203 1327 1263 et,
1356 1206 1451 1247 aut
1474 1209 1574 1248 re-

240 1264 378 1327 ferre
402 1209 807 1350 magistratifius
822 1313 842 1342 ‚
867 1284 961 1328 aut
981 1267 1292 1329 decernere
1321 1270 1572 1329 concilio

242 1346 495 1428 ‘Jus‘ess'et-
536 1348 650 1409 Hic
686 1369 920 1431 quoque
943 1349 1067 1408 dies
1097 1346 1292 1432 jurgiis
1328 1347 1409 1409 est
1435 1368 1575 1409 con-

254 1426 487 1509 sumptus.
520 1428 824 1513 Supererat
861 1450 1005 1489 unus
1036 1427 1164 1510 justi
1193 1430 1421 1490 concilii
1451 1430 1576 1491 dies

248 1506 441 1591 (tertio
473 1513 625 1572 enim
668 1511 765 1571 lex
789 1508 1025 1591 jubebat
1059 1511 1355 1571 decretum
1395 1508 1521 1571 fieri
1547 1509 1579 1591 )

243 1590 306 1650 in
340 1610 488 1671 quem
519 1592 668 1653 adeo
706 1591 964 1653 exarsere
992 1589 1209 1666 studia,
1241 1606 1306 1653 ut
1338 1593 1440 1652 vix
1473 1611 1580 1671 pa·-

240 1688 419 1732 rentes
454 1673 521 1734 ab
553 1672 746 1733 liberis
790 1675 1258 1754 temperaverint.
1295 1668 1580 1731 Rhifiasus

246 1749 606 1832 (Pellenenfis
630 1752 795 1835 erat)
816 1751 1001 1813 filium
1029 1750 1412 1833 Damiurgum
1427 1793 1446 1824 ,
1469 1771 1581 1810 no-

245 1832 393 1892 'mine
428 1834 803 1895 Memnonem
828 1879 849 1906 ,
894 1832 1174 1906 habebat,
1223 1833 1396 1914 partis
1455 1828 1579 1911 ejus

235 1928 372 1995 ''quae
402 1914 683 1976 decretum
719 1917 972 1990 recitari,
1002 1934 1170 1998 perro
1212 1915 1292 1973 ari
1335 1933 1407 1974 ue
1449 1910 1582 1974 sen-

249 1994 436 2054 tentias
465 1997 821 2080 prohibebat.
862 1994 919 2058 Is
941 2041 961 2070 ‚
1005 1998 1106 2055 diu
1154 2018 1191 2056 o
1235 2012 1291 2054 te
1345 2012 1467 2054 atus
1511 1993 1582 2053 fi-

253 2074 391 2133 lium
410 2119 426 2149 ,
449 2097 503 2138 ut
537 2077 834 2140 consulere
871 2077 1125 2137 Achaeos
1160 2077 1457 2137 communi
1497 2072 1583 2132 sa·

258 2153 360 2214 luti
388 2174 682 2236 pateretur,
716 2178 832 2218 neu
867 2157 1172 2238 pertinacia
1208 2155 1305 2215 sna
1347 2168 1583 2237 gentem

250 2236 543 2301 universam
568 2239 861 2324 perditum
883 2240 1022 2312 iret,
1055 2235 1183 2318 post
1223 2257 1356 2296 uam
1378 2254 1584 2318 parum

254 2313 604 2397 proficiebant
647 2340 893 2404 preces»,
923 2317 1136 2400 juratus
1212 2337 1245 2377 e
1299 2337 1432 2376 eum
1486 2314 1587 2375 sui

254 2415 418 2456 manu
442 2401 909 2481 interempturum
929 2441 948 2470 ‚
976 2418 1085 2457 nec
1128 2418 1233 2479 pro
1273 2394 1392 2456 filio
1424 2442 1443 2471 ,
1476 2395 1586 2456 'sed

253 2495 355 2558 pro
385 2477 532 2542 hoste
549 2526 569 2556 ‚
593 2481 920 2542 habiturum
943 2521 963 2551 ,
992 2479 1161 2537 minis
1234 2478 1434 2538 ervicit
1458 2521 1477 2550 ‚
1514 2483 1585 2536 'ut

258 2554 468 2636 postero
508 2564 600 2623 die
642 2557 1019 2642 conjungeret
1063 2558 1131 2617 iis
1166 2498 1229 2617 sep
1247 2600 1266 2631 ‚
1305 2559 1400 2639 qui
1436 2555 1586 2615 refe-

265 2634 483 2701 rebant:
512 2644 609 2726 qui
649 2663 826 2724 quum
860 2639 1053 2722 plures
1096 2637 1222 2699 faffi
1265 2637 1544 2698 referrent
1563 2677 1583 2706 ,

272 2719 667 2783 omnibusfere
705 2723 935 2806 populis
971 2721 1127 2780 haud
1157 2719 1327 2780 dubie
1375 2737 1586 2797 appro-

255 2792 498 2869 bantibus
532 2803 867 2884 relationem
888 2848 911 2882 ‚
940 2823 1006 2870 ac
1035 2822 1154 2885 prae
1187 2799 1243 2866 se
1275 2795 1591 2878 ferentibus
