2017 3609
327 240 722 310 LIBER
825 238 1213 311 XXXV.
1331 246 1490 335 341·

92 355 182 417 ciis
202 356 674 441 ‘magistratuum
725 355 1148 440 designatorum
1174 403 1194 432 ‚
1231 356 1351 440 quo
1382 344 1694 415 iri-‘'³²¹''

97 440 362 500 tentiores
391 438 581 499 essent
602 459 812 499 omnes
829 483 849 512 ,
874 441 1069 521 agitari
1094 455 1350 520 coeptum
1371 434 1471 499 est.
1494 461 1581 505 ..c
1605 434 1693 512 1921

99 515 428 582 Decrevere
453 564 473 593 ,
517 535 587 579 ut
629 518 954 580 consulibus
992 519 1155 579 Italia
1180 563 1200 592 ,
1244 520 1309 581 &
1350 518 1470 601 quo

103 596 306 661 senatus
338 598 657 662 censuisset
690 599 853 682 (jam
879 599 988 662 effe
1013 600 1233 661 bellum
1261 598 1471 660 adver-

103 682 184 740 siis
216 680 593 742 Antiochum
650 703 847 764 regem
902 703 1109 743 omnes
1174 678 1477 760 sciebant)

104 764 401 840 provinciae
429 760 623 823 essent
654 785 669 823 t
702 760 861 843 cujus
896 784 965 823 ea
998 762 1118 824 sors
1144 759 1314 836 esset,
1342 781 1478 841 qua-

103 858 220 902 tuor
251 845 439 904 millia
474 842 747 926 peditum
785 846 1002 905 civium
1037 844 1474 917 Romanorum,

111 923 425 986 &trecenti
464 927 697 1006 equites
720 971 738 1000 ,
776 924 872 986 sex
914 926 1093 987 millia
1124 922 1342 987 socium
1366 922 1477 982 La-

108 1004 196 1062 tini
232 1007 494 1067 nominis
529 1026 672 1065 cum
715 1008 956 1088 quadrin
997 1008 1144 1067 entis
1186 1003 1476 1086 equitibus

108 1081 217 1145 sunt
243 1088 500 1149 decreta.
545 1086 771 1148 Eorum
811 1089 942 1148 dele
1000 1108 1101 1147 um
1150 1086 1362 1145 habere
1405 1083 1476 1146 L.

114 1163 371 1244 Quintius
412 1166 623 1230 consul
659 1166 829 1248 jussus
859 1190 879 1241 ;
913 1189 988 1227 ne
1038 1166 1177 1249 quid
1220 1186 1476 1227 morare-

112 1261 224 1322 tur,
260 1251 583 1331 quominus
608 1247 808 1317 consul
833 1270 1022 1308 novus
1044 1294 1063 1322 ‚
1102 1248 1220 1330 quo
1251 1246 1473 1307 senatus

118 1328 388 1392 censuiffet
410 1376 431 1406 ‚
458 1328 767 1411 extemplo
794 1328 1077 1412 proficisci
1098 1326 1300 1411 posset.
1322 1327 1473 1389 Item

118 1407 180 1468 de
198 1415 514 1493 provinciis
540 1427 855 1493 praetorum
887 1412 1184 1472 decretum
1211 1408 1293 1470 est
1315 1433 1334 1484 3
1358 1411 1492 1489 pri--

120 1509 202 1549 ma
232 1510 294 1553 ut
320 1492 439 1554 sors
470 1493 609 1554 duae
635 1538 656 1567 ,
694 1492 1019 1576 urbanaque
1052 1495 1118 1554 δε
1144 1494 1291 1551 inter
1313 1492 1504 1549 cives'

114 1590 170 1631 ac
204 1577 540 1659 peregrinos
593 1571 906 1653 jurisdiffio
948 1572 1096 1643 ,esset
1132 1594 1152 1646 ;
1185 1569 1432 1630 secunda
1453 1612 1473 1641 ,

112 1649 290 1714 Bruttii
319 1679 342 1732 3
378 1658 607 1728 tertia,
641 1653 821 1714 classis
843 1698 859 1725 ,
880 1672 951 1713 ut
980 1653 1278 1732 navigaret
1302 1693 1322 1721 ,
1357 1650 1474 1729 quo

114 1729 305 1797 senatus
337 1732 659 1799 censuisset
692 1756 710 1807 ;
746 1750 983 1813 quarta,
1007 1731 1217 1792 'Sicilia
1259 1751 1277 1804 ;
1317 1730 1481 1811 quin·

114 1814 451 1888 ta,Sardinia
478 1842 498 1895 3
525 1814 733 1888 sexta,
756 1813 1030 1895 Hispania
1061 1813 1301 1873 ulterior
1326 1832 1339 1871 :
1371 1811 1482 1869 im·

116 1914 354 1974 peratum
390 1917 688 1983 praeterea
711 1895 778 1957 L.
810 1893 1060 1975 Quintio
1108 1892 1323 1954 consuli
1358 1888 1440 1952 est
1461 1935 1481 1966 ‚

120 1991 173 2039 ut
200 1978 333 2042 duas
366 1982 646 2079 legiones
680 1979 896 2038 civium
938 1977 1338 2039 Romanorum
1373 1994 1483 2033 no-

121 2075 209 2117 vas
237 2061 633 2124 conscriberet
665 2081 684 2133 ;
719 2061 784 2122 &
804 2058 1023 2120 socium
1066 2080 1131 2118 ac
1169 2056 1356 2116 Latini
1378 2075 1484 2113 no·

121 2140 273 2202 minis
304 2145 518 2228 viginti
550 2141 730 2202 millia
759 2140 1058 2221 peditum,
1097 2140 1162 2201 &
1195 2137 1518 2218 offingen-1

125 2234 207 2280 tos
242 2227 462 2305 equites
494 2246 530 2285 t·
560 2241 695 2281 eum
735 2223 1047 2280 exercitum
1090 2219 1322 2300 praetori
1342 2263 1360 2292 ,
1393 2218 1518 2276 cui¹

123 2294 314 2364 Bruttii
361 2304 670 2387 provincia
726 2299 997 2361 eveniss'et
1017 2344 1039 2372 ,
1079 2302 1518 2359 decreverunt.‘

123 2378 290 2444 AEdes
319 2386 447 2446 duae
485 2384 627 2444 Jovi
663 2401 737 2440 eo
769 2401 923 2440 anno
962 2381 1023 2439 in
1057 2378 1351 2460 Capitolio
1392 2376 1492 2435 de-

125 2460 315 2524 dicatae
359 2466 509 2526 sunt.
549 2461 814 2523 Voverat
849 2459 916 2521 L.
950 2459 1152 2520 Furius
1193 2458 1487 2538 Purpureo

124 2560 331 2620 praetor
363 2545 598 2607 Gallico
633 2541 790 2604 bello
827 2561 1041 2613 unam,
1077 2541 1313 2600 alteram
1351 2560 1490 2598 con-
1518 2572 1526 2583 ·

120 2619 203 2680 sul
241 2644 258 2680 ι
293 2624 585 2688 dedicavit
619 2623 705 2706 Q.
730 2621 981 2685 Marcius
1016 2621 1180 2684 Ralla
1200 2621 1489 2682 duumvir.
1762 2686 1768 2693 ,

124 2698 349 2762 Judicia
387 2704 447 2760 in
477 2704 851 2767 foeneratores
891 2726 964 2767 eo
1004 2702 1374 2764 annomulta
1403 2699 1492 2763 se·
1568 2706 1704 2747 rm-

127 2782 266 2844 vere
298 2778 430 2840 sunt
459 2781 597 2844 fasta
618 2831 637 2859 ,
671 2783 1058 2849 accusantibus
1077 2787 1334 2867 privatos
1359 2781 1491 2840 aedi-
1517 2769 1721 2846 ’ἕᾶἷιῖἷῖιμ

130 2858 276 2928 libus
320 2862 610 2928 curulibus
642 2907 663 2940 ,
704 2864 794 2930 M.
831 2866 1057 2932 Tuccio
1107 2859 1490 3007 ἐι.1,).3ωιὶο

1191 2963 1251 3028 ιι)
