2017 3609
406 217 513 290 ·'18
698 237 711 244 ·
816 219 891 296 T.
987 222 1045 291 L
1093 239 1132 291 1
1187 238 1244 290 ν
1289 241 1330 294 1
1377 236 1418 292 ι
1469 226 1478 234 “

192 349 397 402 .===‘=
421 337 548 400 sunt
584 336 672 418 Q.
707 335 951 398 Minucii
977 339 1240 419 praetoris
1261 384 1281 413 ‚
1312 340 1407 398 cui
1428 336 1635 401 Bruttii
1672 343 1831 420 pro:

204 421 398 475 [Le-552·
423 421 618 480 vincia
657 436 776 480 erat
816 443 830 481 ε
868 421 1171 480 Pecuniam
1221 423 1410 480 Locris
1463 443 1530 479 ex
1576 419 1830 499 Proser-

203 472 402 513 ⁸.C.2oo.
473 503 485 515 ‚
827 505 839 516 .

240 522 403 560 sanata
419 522 566 583 ptnae
610 500 868 586 thesauris
916 504 1065 560 noble
1107 501 1247 561 elam
1295 500 1574 579 fitblatam
1600 522 1628 573 ‚·
1662 523 1778 561 nec
1803 515 1832 573 '‚

202 571 412 666 ffiss'ss‘sso‘.
431 585 514 643 ad
541 604 680 663 quos
739 578 1215 721 ertineatssfizcinus
1238 627 1257 656 ‚
1292 584 1513 663 vestigia
1545 582 1670 640 ulla
1710 603 1834 641 ex-

201 665 310 723 s‘re·
422 665 577 746 stare.
613 604 853 747 Indigne
886 684 957 743 pa
1004 684 1071 721 us
1112 660 1331 723 senatus
1366 684 1485 722 non
1513 659 1712 721 cessari
1741 662 1827 721 ab

434 744 732 826 sacrilegiis
755 787 775 816 ‚
803 746 867 805 &
903 763 977 802 ne
1016 742 1360 803 Pleminium
1393 742 1665 823 quidem,
1689 758 1829 801 tam

437 826 651 887 clarum
704 821 1015 903 recensque
1072 844 1242 882 noxae
1288 822 1454 882 fimul
1508 844 1572 882 ac
1614 844 1829 903 poenae

440 903 767 985 exemplum
789 948 809 977 ‚
837 903 1106 962 homines
1154 903 1464 963 deterrere.
1511 901 1587 965 C.
1628 902 1831 963 Aure-

439 985 520 1045 lio
558 981 773 1045 consuli
799 983 1101 1065 negotium
1141 982 1337 1057 datum
1357 1028 1379 1056 ‚
1407 991 1471 1044 iit
1496 983 1567 1043 ad
1603 1000 1832 1065 praeto-

440 1085 566 1125 rem
598 1066 656 1124 in
681 1063 935 1125 Bruttios
969 1061 1275 1125 scriberet:
1300 1067 1531 1125 Senatui
1558 1066 1784 1145 placere
1805 1110 1830 1140 ,

442 1147 777 1227 quaestionem
796 1149 860 1206 de
883 1146 1144 1226 expilatis
1164 1142 1425 1222 thesauris
1438 1148 1615 1205 eodem
1641 1167 1830 1205 exem-

440 1226 542 1307 plo
572 1228 755 1286 haberi
774 1272 793 1301 ,
821 1248 926 1305 quo
964 1229 1056 1286 M.
1080 1228 1415 1306 Pomponius
1446 1243 1643 1307 prator
1658 1228 1832 1305 trien-

447 1309 540 1367 nio
577 1309 701 1367 ante
733 1306 1015 1387 habuzſjbt.
1044 1310 1182 1386 Quoe
1216 1308 1439 1367 inventa
1464 1308 1701 1387 pecunia
1740 1305 1831 1385 es-

440 1385 556 1465 fit,
598 1389 778 1468 reponi
811 1410 829 1447 .·
846 1391 905 1467 st
931 1388 1038 1468 qud
1078 1390 1258 1448 minus
1307 1390 1582 1447 inventum
1616 1384 1770 1465 fhret
1801 1434 1829 1461 ‚

454 1469 656 1548 expleti
674 1490 692 1529 .·
709 1489 777 1528 ac
795 1469 1109 1550 piacula-ria
1129 1514 1148 1543 ,
1163 1471 1222 1547 si
1233 1471 1525 1541 videretur,
1532 1469 1674 1547 ficut
1694 1470 1833 1530 ante

497 1551 612 1609 onti
653 1567 740 1610 ces
781 1570 873 1610 cen
899 1549 958 1609 ui
1002 1567 1091 1609 ent
1205 1551 1277 1608 eri
1321 1550 1491 1607 causti
1538 1570 1607 1608 ex
1643 1550 1832 1612 iandae

265 1644 436 1708 ,Proli-
449 1550 787 1691 ξὶοἱαξὶοηίε
819 1547 1079 1710 ᾐζεβτὲψη
1114 1550 1206 1689 ’ltfl
1216 1627 1484 1711 Prodigia
1522 1569 1694 1688 etii'm
1721 1626 1833 1689 sub

233 1708 318 1751 Ψ·
457 1710 622 1770 idem
657 1727 884 1791 tempus
923 1709 1069 1792 pluri
1114 1731 1179 1769 us
1208 1710 1351 1769 locis
1393 1711 1643 1769 nuntiata
1677 1712 1834 1769 acci-

465 1792 691 1852 derunt.
732 1789 796 1850 In
851 1790 1093 1851 Lucanis
1131 1790 1346 1850 coelum
1392 1788 1570 1849 arslsse
1622 1786 1832 1850 affere-

463 1872 620 1932 bant.
654 1870 913 1930 Priverni
945 1869 1146 1931 sereno
1185 1871 1483 1950 pendiem
1517 1886 1702 1931 totum
1734 1890 1831 1929 ru-

438 1952 636 2013 ’hrum
662 1948 839 2009 solem
870 1948 1048 2009 fuiss'e.
1077 1949 1322 2010 Lanuvii
1346 1951 1569 2029 templo
1592 1948 1826 2032 Sospitae

466 2031 705 2093 Iunonis
749 2028 918 2088 no&e
962 2028 1259 2110 strepitum
1308 2032 1603 2112 ingentem
1660 2052 1829 2091 exor-

471 2128 615 2172 tum.
655 2109 782 2170 Jam
821 2109 1151 2169 animalium
1193 2109 1451 2171 obscoeni
1489 2110 1663 2172 foetus
1700 2111 1832 2193 plu-

469 2191 626 2251 ribus
663 2191 804 2250 locis
834 2191 1269 2252 nuntiabantur:
1306 2193 1365 2251 in
1399 2190 1622 2252 Sabinis
1660 2194 1832 2270 incer-

470 2288 563 2332 tus
596 2269 778 2330 infans
816 2287 979 2331 natus
996 2317 1016 2346 ‚
1034 2271 1312 2332 masculus
1341 2293 1412 2330 an
1436 2272 1647 2333 femina
1668 2272 1827 2334 effet:

474 2351 617 2412 alter
651 2350 941 2411 sexdecim
959 2349 1076 2431 jam
1100 2373 1380 2413 annorum
1401 2355 1543 2414 irem
1565 2354 1830 2451 ambiguo

473 2431 612 2492 sexu
641 2434 941 2492 inventus:
967 2431 1278 2495 Frusinone
1304 2455 1478 2518 agnus
1508 2454 1638 2493 cum
1671 2433 1830 2497 suillo

474 2513 661 2593 capite
683 2557 703 2586 ,
736 2510 1003 2574 Sinuess'ae
1040 2536 1247 2595 porcus
1274 2536 1404 2574 cum
1426 2515 1607 2592 capite
1642 2513 1829 2573 huma-

477 2613 557 2652 no
578 2610 771 2653 natus:
793 2594 850 2651 in
874 2592 1112 2654 Lucanis
1128 2595 1189 2653 in
1227 2593 1365 2675 egro
1402 2592 1634 2673 publico
1663 2611 1827 2675 equu-

479 2673 604 2746 leus
640 2694 772 2736 cum
814 2675 1065 2755 quinque
1111 2673 1372 2754 pedibus.
1424 2671 1604 2732 Foeda
1642 2677 1827 2737 omnia

464 2755 549 2817 ’δί
586 2751 865 2813 deformia
888 2796 908 2827 ‚
945 2751 1284 2833 errantisque
1321 2754 1381 2812 in
1419 2752 1636 2812 alienos
1665 2753 1821 2813 foetus

480 2848 699 2901 naturae
726 2832 864 2899 visa.
902 2830 1061 2898 Ante
1096 2853 1291 2898 omma
1328 2834 1640 2899 abominati
1675 2833 1827 2912 semi-⁴
