2017 3609
319 244 684 316 LIBER
758 202 1165 347 AXXJXV.
1289 226 1414 347 313

90 365 166 418 ret
188 404 205 434 ‚
234 358 510 442 proficisci
539 362 716 424 ambo
742 364 802 423 in
829 365 1158 446 provincias
1191 363 1422 448 placuit.
1444 384 1641 429 ιιι-5

94 437 356 504 Domitius
383 444 455 511 ab
471 442 774 518 Arimino,
801 444 912 525 qua
930 448 1259 525 proximum
1284 448 1423 523 fuit,
1446 448 1655 542 Uet-{⁶22

98 514 338 598 Quintius
370 545 478 606 per
504 524 742 607 Ligures
776 527 834 584 in
860 520 1041 586 Boios
1072 530 1251 587 venit.
1278 527 1423 590 Duo
1445 514 1481 542 ⁸‘
1538 527 1548 542 ⁸
1574 513 1606 559 ς’

101 600 360 663 consulum
394 627 426 665 a
470 606 628 664 mina
664 603 885 666 diversa
919 605 1031 666 late
1066 626 1263 688 agrum
1297 606 1427 668 hos-

100 681 218 741 tium
257 626 695 765 pervafftarunt:
737 685 925 768 primo
965 688 1187 767 equites
1226 707 1429 747 eorum

102 764 239 840 pauci
267 785 394 824 cum
427 765 706 851 praefeffis
731 811 750 841 ,
771 765 979 827 deinde
1020 765 1315 828 universus
1345 766 1434 826 se·

105 858 236 902 natus
253 889 271 918 ,
302 844 599 926 postremo
630 849 688 907 in
723 847 927 931 quibus
952 865 1048 909 aut
1074 847 1303 908 fortuna
1328 848 1433 907 ali-

108 930 224 1001 qua,
255 943 345 986 aut
376 927 624 1010 dignitas
653 945 771 987 erat
789 971 810 1000 ,
851 929 923 989 ad
954 930 1117 991 mille
1138 929 1435 1011 quingenti

104 1000 163 1059 ad
192 1005 439 1068 consules
485 1006 926 1091 transfugerunt.
963 1007 1037 1069 Et
1088 1013 1149 1068 in
1194 1027 1434 1090 utraque
1471 1030 1667 1094 Regin-J.)

107 1078 197 1157 His
224 1088 338 1145 ania
372 1108 446 1148 eo
476 1110 631 1148 anno
660 1108 749 1149 res
769 1088 912 1169 pros
946 1090 1041 1147 ere
1064 1087 1234 1171 gestae
1258 1109 1272 1149 ε
1299 1110 1437 1149 nam
1454 1096 1619 1140 ΡΜ*

107 1159 160 1221 &
228 1165 561 1229 ‚Flaminius
591 1169 875 1250 oppidum
940 1168 1220 1244 imbrum,
1249 1174 1440 1230 muni·

107 1256 207 1302 tum
252 1249 594 1327 opulentum
638 1269 709 1307 ue
740 1293 760 1322 ,
796 1250 983 1309 vineis
1034 1254 1384 1334 expugnavit
1417 1297 1441 1327 ,

111 1321 162 1380 &
184 1326 421 1389 nobilem
464 1351 525 1390 re
573 1351 610 1389 u
632 1350 730 1388 um
770 1325 1197 1392 Corribilonem
1236 1334 1442 1394 vivum

91 1406 272 1484 ‘cepit3
306 1409 366 1471 &
396 1409 487 1471 M.
560 1408 750 1479 ulvius
784 1410 1090 1490 proconsul
1128 1435 1261 1473 cum
1293 1413 1442 1474 duo-
1477 1492 1480 1495 Ἴ

114 1480 200 1541 bus
228 1491 557 1551 exercitibus
594 1488 843 1551 hostium
865 1491 981 1552 duo
1017 1490 1261 1552 secunda
1331 1514 1443 1552 roe-

116 1558 340 1654 liafecit:
379 1572 605 1654 oppida
627 1570 744 1631 duo
777 1568 1164 1650 Hispanorum
1188 1615 1207 1644 ‚
1298 1570 1447 1630 esce·

115 1640 227 1703 llam
254 1647 670 1731 Holonemque
696 1695 714 1721 ,
750 1652 815 1711 &
860 1650 1085 1709 castella
1129 1650 1309 1709 multa
1347 1670 1448 1709 ex-

119 1731 351 1805 Pugnavit
379 1752 398 1805 3
425 1734 536 1791 alia
586 1730 886 1789 voluntate
919 1728 991 1786 ad
1030 1749 1163 1787 eum
1218 1727 1450 1788 defece-

119 1820 224 1864 runt
251 1830 264 1867 :
293 1824 414 1870 tum
445 1816 507 1870 in
539 1808 834 1870 Oretanos
869 1806 1189 1889 progressus
1216 1853 1237 1881 ‚
1274 1808 1339 1869 ὃ(
1365 1808 1449 1868 ibi

123 1872 310 1948 duobus
331 1894 549 1972 potitus
579 1888 809 1969 oppidis
827 1933 846 1962 ‚
881 1887 943 1948 N
945 1888 1100 1948 oliba
1122 1889 1185 1948 &
1205 1885 1404 1950 Cufibi
1425 1934 1447 1965 ‚

122 1958 181 2020 a'd
201 1962 412 2052 Tagum
446 1989 682 2032 amnem
718 1971 801 2029 ire
830 1970 1033 2051 pergit.
1059 1966 1337 2054 Toletum
1364 1971 1450 2031 ibi

122 2062 268 2118 parva
299 2051 432 2111 urbs
467 2067 628 2124 erat,
679 2048 779 2110 sed
828 2051 964 2110 loco
1007 2051 1279 2110 munito:
1320 2070 1452 2110 eam

123 2140 265 2199 quum
282 2146 640 2216 oppugnaret
653 2175 674 2201 ‚
689 2129 1020 2193 VeEionum
1036 2151 1128 2190 ma
1169 2151 1272 2193 nus
1294 2149 1453 2189 exer-

122 2203 238 2265 citus
268 2206 573 2273 Toletanis
600 2208 846 2270 subsidio
880 2212 1063 2271 venit.
1144 2208 1351 2269 um-his
1383 2207 1455 2267 fi-

123 2285 221 2419 }pis
249 2291 462 2352 collatis
489 2289 767 2374 prospere
802 2290 1079 2372 pugnavit
1110 2311 1130 2364 ;
1167 2289 1232 2350 &
1256 2332 1275 2360 ‚
1317 2286 1455 2350 fufis

171 2365 443 2432 eElonibus
463 2417 484 2446 ‚
521 2371 791 2451 operibus
823 2368 1107 2430 Toletum
1134 2370 1306 2449 cepit.

188 2442 394 2513 XXIII.
428 2451 713 2513 Ceterum
747 2469 818 2510 eo
858 2465 1122 2528 tempore
1161 2449 1347 2508 minus
1388 2469 1459 2511 ea

124 2519 255 2585 bella
266 2572 284 2601 ,
300 2551 424 2612 quae
444 2532 787 2616 gerebantur
798 2576 820 2606 ,
834 2551 983 2592 curae
1001 2528 1252 2602 Patribus
1267 2547 1424 2591 erant
1436 2573 1459 2604 ‚

127 2603 275 2694 qffam
312 2612 655 2692 exspeEtatio
692 2611 952 2673 nondum
983 2611 1160 2691 coepti
1189 2631 1322 2670 cum
1340 2609 1462 2672 An·

128 2687 304 2767 trocho
337 2691 476 2754 belli
509 2717 523 2755 ε
564 2714 696 2753 nam
735 2691 834 2754 etfi
864 2712 969 2774 per
999 2692 1218 2774 legatos
1258 2692 1467 2751 identi-

130 2760 246 2826 dem
289 2775 483 2832 omnia
525 2774 963 2857 explorabantur
980 2817 1003 2844 ,
1045 2789 1235 2832 tamen
1273 2792 1467 2830 rumo-

130 2843 462 2986 resitemere
484 2851 600 2916 fine
620 2852 747 2921 ullis
775 2852 1097 2918 auetoribus
1115 2853 1230 2992 οτὸὶ
1247 2894 1266 2924 ,
1285 2849 1466 2910 multa

241 2948 385 2993 omus
425 2937 495 2998 V.
640 2938 644 2942 ’
1163 2996 1170 3002 .
1227 2997 1232 3003 .
