2017 3609
1115 59 1141 92 Ἰ

462 230 822 304 'LIBER
922 230 1281 305 XXXI.
1466 252 1549 333 35

203 349 423 412 eedem
446 395 463 426 ‚
492 353 549 411 in
568 350 872 411 temerario
898 351 1137 431 incepto
1161 366 1345 411 tutum
1366 365 1562 412 tamen
1588 359 1776 414 ἐξ

210 449 498 514 receptum
539 431 728 493 habuit
768 451 789 505 ;
872 432 965 491 uia
994 475 1014 504 ‚
1052 433 1151 514 qui
1200 434 1259 491 in
1307 431 1559 493 turribus
1581 435 1776 486 U·⁰·55²·

200 533 379 592 portae
421 531 572 573 erant
595 556 614 584 ,
648 510 856 573 sustine
902 528 996 574 ant
1031 512 1184 587 tela,
1216 533 1290 573 ne
1325 515 1384 572 in
1425 533 1559 596 per·
1575 486 1780 554 neam.

195 595 411 655 mixtos
435 593 682 655 hostibus
702 590 836 652 suos
855 590 1223 672 conjicerent.
1253 593 1408 654 Intra
1435 615 1562 656 mu-

185 693 287 733 ros
320 676 534 735 deinde
571 673 896 735 tenentibus
929 674 1143 734 milites
1186 673 1561 738 Atheniensi-

180 753 292 814 bus
311 799 333 828 ‚
367 755 663 837 Philippus
683 798 705 828 ,
746 751 909 836 signo
938 774 1072 815 rece
1115 756 1199 814 tui
1233 755 1409 827 dato,
1449 756 1563 816 cafi-

189 852 278 895 tra
328 836 413 895 ad
461 833 826 918 Cynosarges
869 777 1202 916 (templ'um
1249 834 1516 896 Herculis
1541 881 1562 911 ‚

190 916 676 997 gymnasiumque
694 960 716 991 ,
735 918 800 986 ὃς
821 916 979 975 lucus
999 933 1122 976 erat
1139 914 1563 999 circumjeRus)

197 997 408 1077 posuit:
422 997 522 1059 sed
536 994 924 1079 Cynosarges,
937 998 1002 1064 &
1016 996 1301 1079 Lyceum,
1321 999 1386 1058 &
1397 995 1562 1079 quid·
1605 1014 1746 1075 υεςκει

202 1079 335 1157 quid
365 1076 533 1139 sanffi
559 1079 851 1140 amoenive
880 1080 1032 1139 circa
1053 1079 1258 1152 urbem
1288 1097 1407 1139 erat
1431 1125 1451 1154 ‚
1478 1081 1562 1140 in·
1581 1075 1762 1151 ζξῖῗζἈ.

200 1158 433 1220 censum
451 1158 567 1232 est,
597 1157 894 1245 dirutaque
910 1179 1032 1218 non
1051 1157 1202 1219 teRa
1220 1157 1406 1220 solum
1423 1206 1442 1234 ‚
1462 1158 1563 1222 sed
1583 1163 1737 1204 ‘'mm'-

198 1241 370 1300 etiam
401 1239 660 1321 sepulcra
690 1260 712 1314 ;
744 1259 852 1299 nec
885 1240 1069 1300 divini
1100 1239 1407 1301 humanive
1428 1240 1565 1321 juris

196 1322 340 1400 quid
383 1342 516 1381 uam
544 1342 666 1401 prae
695 1322 1005 1400 impotenti
1029 1322 1114 1381 ira
1145 1318 1225 1381 est
1254 1319 1565 1385 servatum·

285 1343 477 1464 dv.
512 1399 754 1461 Postero
790 1402 886 1460 die
908 1444 927 1474 ‚
992 1422 1130 1462 uum
1156 1403 1347 1484 primo
1368 1397 1569 1464 clausae

208 1477 427 1543 fixiss'ent
458 1498 645 1564 portae
663 1525 684 1556 ,
707 1481 917 1542 deinde
945 1423 1134 1543 {bito
1162 1500 1371 1563 apertae
1387 1527 1408 1557 ‚
1434 1486 1570 1565 quia

207 1562 531 1642 praefidium
575 1560 762 1623 Attali
808 1564 880 1621 ab
916 1563 1125 1645 AEgina
1151 1607 1171 1636 ‚
1203 1562 1571 1645 Romanique

202 1643 274 1702 ab
312 1643 534 1706 Piraeeo
554 1687 575 1717 ,
605 1645 952 1706 intraverant
988 1646 1194 1705 urbem
1217 1689 1239 1716 ‚
1269 1643 1447 1704 castra
1498 1644 1571 1705 ab

203 1725 348 1787 urbe
369 1725 564 1787 retulit
596 1744 701 1783 rex
729 1727 839 1785 tria
862 1724 1048 1786 ferme
1072 1723 1253 1785 millia
1279 1721 1572 1805 passuum:

205 1805 337 1866 inde
372 1804 702 1868 Eleusinem
732 1803 1023 1886 professus
1045 1848 1064 1877 ‚
1112 1802 1210 1885 spe
1252 1805 1575 1885 improviso,

208 1889 412 1968 templi
441 1885 772 1966 castellique
788 1930 810 1958 ,
831 1885 992 1969 quod
1013 1887 1077 1949 ὃ(
1102 1886 1367 1946 imminet
1389 1885 1454 1948 &
1475 1888 1579 1946 cir-

214 1970 542 2029 cumdatum
578 1964 659 2027 est
703 1968 927 2049 templo
953 2012 972 2041 ,
1032 1989 1098 2027 ca
1140 1967 1295 2028 iendi
1330 2013 1349 2043 ,
1399 1987 1577 2049 quum

216 2046 363 2108 haud
440 2068 648 2132 aquam
682 2068 756 2106 ne
797 2046 966 2110 leEtas
997 1988 1281 2109 culfodias
1322 2049 1581 2108 animad-

218 2144 301 2188 ’νε
350 2133 362 2145 ”
407 2147 463 2191 et
482 2174 501 2203 ,
536 2131 602 2191 &
633 2067 862 2189 classgm
891 2125 1160 2190 aPiraeeo
1191 2127 1437 2188 subsidio
1476 2148 1582 2188 ve-

219 2210 375 2286 nire,
403 2208 602 2272 omisso
632 2211 869 2292 incepto
895 2252 914 2283 ,
950 2207 1253 2291 Megaram
1273 2252 1293 2282 ‚
1332 2228 1397 2266 ac
1440 2227 1581 2287 pro·

220 2291 369 2353 tinus
408 2291 761 2353 Corinthum
808 2288 967 2351 ducit
1009 2312 1024 2351 τ
1074 2291 1138 2352 &
1189 2308 1365 2369 quum
1409 2285 1580 2371 Argis

218 2371 568 2434 Achaeorum
603 2372 915 2432 concilium
950 2368 1064 2431 ess'e
1104 2367 1371 2442 audisset,
1395 2369 1582 2449 inopi-
1618 2382 1659 2422 12
1673 2382 1805 2442 Argqs

220 2457 481 2515 nantibus
508 2453 738 2514 Achaeis
758 2498 780 2525 ‚
804 2451 1075 2511 concioni
1101 2446 1206 2530 ipsi
1236 2446 1294 2508 su
1340 2451 1581 2510 ervenit.
1603 2435 1807 2523 ffiff'jg‘fi‘

229 2530 643 2596 Consultabant
677 2534 750 2592 de
784 2531 944 2593 bello
974 2531 1249 2591 adversius
1329 2530 1462 2589 abin
1490 2532 1810 2613 ty-⁶h²⁹'¹⁸''¹·‘

227 2631 465 2677 rannum
493 2614 1071 2675 Lacedaemoniorum
1095 2633 1114 2687 3
1144 2611 1239 2693 qui
1266 2656 1283 2684 ,
1318 2608 1588 2671 transsato
1686 2640 1690 2644 ·

238 2693 468 2777 'nuper-io
506 2718 544 2754 a
592 2694 1033 2776 Philopoemene
1080 2693 1153 2752 ad
1210 2685 1264 2751 C
1312 2689 1555 2751 eliadam
1574 2732 1596 2764 ,

241 2793 411 2859 nequa
454 2797 591 2837 uam
619 2796 815 2856 parem
847 2775 927 2835 illi
970 2774 1212 2848 ducem,
1278 2768 1450 2854 ilapsa
1470 2791 1598 2832 cer-

238 2863 365 2921 nens
413 2798 777 2924 achaeorum
817 2855 1022 2921 auxilia
1050 2900 1071 2935 ,
1116 2854 1599 2941 redintegraverat

1210 2930 1361 3012 BvJ
