2017 3609
417 193 505 292 3⁶
802 192 1393 266 T.·L1r11

190 319 392 369 b===
408 310 627 371 bellum
645 354 664 382 ‚
692 309 968 394 agrosque
992 309 1370 372 finitimorum
1393 305 1648 370 vastabat
1669 349 1689 379 ,
1713 302 1802 372 δέ

190 387 390 484 ξεῆἳῖ·
409 389 527 470 jam
562 391 792 451 urbibus
834 412 1067 474 quoque
1095 409 1213 452 erat
1234 390 1515 451 terribilis.
1541 387 1794 448 Adver-

216 463 253 486 ”
276 451 391 486 '²⁰⁰⁰
406 477 503 538 sus
537 473 688 531 hunc
708 471 934 533 hostem
955 516 974 544 ,
1008 494 1187 555 quum
1205 517 1224 546 ,
1246 490 1521 553 quantum
1539 490 1611 529 ex
1635 488 1760 548 qua
1775 497 1796 514 ι

405 573 521 634 que
562 555 793 616 civitate
832 553 1082 614 militum
1124 546 1456 613 scriberetur
1483 594 1502 622 ‚
1548 546 1790 610 consul·

402 648 594 700 tarent
634 656 654 708 3
691 631 983 715 Philippus
1009 675 1029 707 ,
1062 634 1427 715 dempturum
1464 630 1520 691 se
1555 631 1637 689 eis
1675 649 1789 688 cu·

403 736 529 782 ram
566 758 585 790 ,
632 714 791 795 quod
837 715 912 773 ad
951 713 1145 773 Nabin
1192 717 1256 776 &
1299 711 1784 773 Lacedaemonios

403 798 671 855 attineret
690 839 711 869 ‚
746 795 1035 875 pollicitus
1055 837 1074 865 ,
1107 815 1215 855 nec
1242 796 1461 854 tantum
1492 811 1657 873 agros
1681 787 1785 848 so⁴

403 878 629 936 ciorum
666 873 1127 953 populationibus
1160 874 1584 955 prohibiturum
1612 914 1633 944 ‚
1667 866 1784 931 sed

403 973 689 1022 terrorem
733 973 968 1012 omnem
1019 953 1156 1012 belli
1207 956 1269 1013 in
1316 954 1494 1033 ipsam
1530 951 1788 1012 Laconi-

406 1054 535 1098 cam
553 1078 572 1106 ‚
601 1030 770 1093 ducio
798 1034 872 1093 eb
896 1031 1194 1114 extemplo
1225 1035 1481 1094 exercitu
1499 1077 1517 1105 ,
1539 1028 1786 1092 transsa-

407 1131 619 1176 turum.
644 1112 787 1173 Haec
809 1115 992 1174 oratio
1028 1135 1208 1194 quum
1229 1116 1447 1196 ingenti
1471 1114 1784 1175 hominum

404 1190 620 1253 affensu
649 1198 1035 1275 acciperetur,
1067 1195 1162 1255 Ita
1201 1213 1377 1255 tamen
1413 1215 1622 1275 aequum
1659 1195 1730 1274 est
1751 1230 1784 1265 „

405 1274 595 1355 inquit
613 1319 635 1347 ,
670 1297 749 1333 me
787 1278 954 1357 vestm
984 1278 1116 1335 meis
1153 1279 1316 1336 armis
1337 1277 1538 1346 tutari,
1558 1297 1627 1334 ne
1651 1295 1777 1333 mea

409 1356 616 1416 interim
657 1357 923 1416 nudentur
948 1358 1222 1436 praefidiis.
1255 1358 1448 1436 Itaque
1471 1400 1493 1428 ,
1516 1356 1576 1432 fi
1611 1355 1777 1415 vobis·

406 1437 659 1507 videtur,
687 1454 897 1496 tantum
939 1454 1134 1516 parate
1186 1437 1417 1497 militum
1438 1481 1458 1507 ,
1508 1452 1782 1515 quantum.

407 1517 486 1578 ad
512 1518 733 1587 Oreum,
756 1517 810 1576 6³
833 1519 1139 1578 Chalcidem
1160 1562 1182 1590 ,
1208 1519 1262 1579 6·
1289 1519 1594 1579 Corinthum
1622 1532 1782 1576 tuen·-

407 1598 485 1660 da
502 1594 650 1674 finis
670 1598 749 1674 stt
772 1620 797 1670 ‚·
837 1617 899 1656 ut
930 1600 1062 1658 meis
1096 1599 1167 1658 ab
1188 1617 1324 1681 tergo
1359 1599 1495 1658 rutis
1516 1641 1534 1669 ,
1549 1594 1776 1675 ficum-t

404 1677 602 1740 bellum
618 1679 832 1738 Nabidi
852 1676 1078 1759 inftram
1096 1679 1150 1739 6·
1168 1680 1610 1739 Lacedaemoniis.
1630 1675 1778 1737 Non

404 1756 616 1822 fefellit
650 1758 898 1820 Achaeos
920 1806 941 1836 ‚
974 1761 1093 1842 quo
1128 1757 1416 1841 speciass'et
1452 1778 1572 1819 tam
1610 1758 1782 1818 beni-

406 1860 521 1921 gna
546 1840 893 1940 pollicitatio
916 1885 935 1914 ,
965 1841 1352 1922 auxiliumque
1388 1839 1644 1900 oblatum
1672 1839 1778 1899 ad-

405 1939 609 1982 versus
641 1918 1114 1980 Lacedaemonios
1142 1942 1156 1980 :
1187 1921 1246 1979 id
1270 1923 1446 2001 quaeri
1468 1964 1487 1992 ,
1520 1937 1583 1980 ut
1618 1916 1780 1979 obfi-

407 1998 546 2060 dem
580 1998 930 2061 Achaeorum
964 1997 1327 2076 juventutem
1373 2001 1646 2061 educeret
1696 2020 1778 2060 ex

401 2076 805 2160 Peloponneso
824 2124 842 2152 ,
863 2078 938 2140 ad
966 2078 1295 2162 illigandam
1319 2080 1587 2141 Romano
1609 2080 1776 2142 bello

400 2177 658 2299 gentem.
693 2157 765 2219 Et
811 2158 872 2222 id
912 2160 1147 2242 quidem
1181 2183 1491 2243 coarguere
1535 2159 1776 2242 Cyclia«

445 2261 504 2298 as
555 2256 766 2320 praetor
802 2239 1157 2302 Achaeorum
1202 2244 1343 2306 nihil
1385 2245 1626 2303 attinere
1675 2263 1771 2303 ra-

399 2338 531 2391 ωε,
579 2320 636 2377 id
686 2319 866 2378 modo
906 2341 1088 2404 quum
1136 2320 1394 2394 dixiss‘et,
1431 2344 1551 2386 non
1593 2323 1769 2386 licere

370 2399 620 2480 ,legibus
658 2398 1005 2460 Achaeorum
1043 2401 1115 2462 de
1156 2402 1278 2464 aliis
1312 2403 1482 2468 rebus
1512 2401 1778 2477 referre,

398 2479 571 2562 quarn
588 2496 849 2618 dpropter
887 2503 1026 2563 quas
1069 2487 1375 2546 convocati
1406 2482 1620 2556 essent,
1660 2484 1768 2544 de-

395 2577 554 2624 creto
628 2579 660 2622 e
695 2564 948 2624 exercitu
987 2565 1241 2641 parando
1272 2565 1543 2623 adversus
1563 2562 1766 2625 Nabin

394 2638 544 2700 facio
565 2684 583 2711 ,
614 2640 921 2705 concilium
951 2638 1172 2703 fortiter
1197 2664 1262 2701 ac
1292 2643 1470 2704 libere
1500 2641 1764 2705 habitum

397 2718 609 2784 dimisit
627 2765 645 2795 ‚
677 2722 826 2781 inter
854 2719 1214 2782 assentatores
1243 2723 1429 2802 regios
1467 2738 1595 2782 ante
1625 2741 1766 2787 earn

394 2802 555 2882 ‚diem
578 2801 821 2896 habitus.
843 2799 1134 2887 Philippus
1155 2845 1176 2880 2
1199 2802 1404 2890 magna
1429 2800 1527 2892 spe
1553 2802 1762 2889 deind-3
1805 2831 1810 2836 ,
